2980 4700
296 532 504 598 membrorum
529 529 644 594 damno
669 533 770 594 maior
794 537 841 591 est
863 526 1028 603 dementia,
1055 549 1137 612 quae
1160 550 1221 592 nec
1244 551 1355 594 servos

296 644 458 723 agnoscat,
486 656 548 699 nec
571 637 697 712 amicos,
724 655 784 696 nec
806 636 964 716 ipsos„ut
984 653 1021 694 ex
1043 639 1234 695 testamento
1260 655 1358 717 appa-

296 751 359 816 ret,
380 739 481 816 filios,
504 742 621 824 quippe
645 757 725 822 quos
750 732 921 800 exheredes
946 755 1015 797 esse
1035 737 1169 797 iusserit.
1216 733 1357 820 Compa-

296 853 384 907 ratur
402 845 500 929 igitur
520 847 606 907 senis
622 843 759 917 vesania,
782 862 843 924 qua
867 840 1061 902 meretricem
1084 836 1158 900 liliis
1181 839 1244 901 suis
1265 859 1357 922 prac-

294 949 403 1032 ponit,
430 967 499 1008 cum
523 948 634 1008 virium
657 941 890 1017 imbecillitate,
913 961 975 1023 qna
998 943 1092 1003 etiam
1115 949 1255 1017 ceteros,
1277 962 1356 1025 quo-

297 1072 364 1112 rum
395 1046 624 1110 consuetudine
652 1064 727 1106 usus
757 1051 819 1119 est,
849 1062 915 1105 non
947 1045 1107 1126 agnoscit;
1142 1046 1249 1128 itaque
1278 1043 1358 1108 obli-

297 1152 385 1213 vinni
407 1145 565 1212 luvenalis
590 1169 657 1212 eam
681 1146 871 1211 dementiam
895 1143 1046 1231 adiungit,
1071 1165 1151 1229 quae
1168 1147 1305 1212 consilio
1324 1151 1360 1212 iu

297 1273 372 1316 suos
395 1254 503 1314 saevit.

728 1399 927 1412 —v-s—-ass-W

671 1691 888 1770 SATIRA
916 1692 982 1766 XI.

386 1870 495 1938 Verba
518 1875 622 1936 statim
645 1872 685 1938 ab
709 1875 813 1936 initio:

402 1997 509 2044 Atticus
528 1999 625 2046 eximie
643 1998 667 2044 si
685 2002 799 2061 coenat,
821 1999 913 2046 lautus
931 1997 1053 2062 habetur,

403 2078 432 2126 Si
452 2081 559 2128 Rutilus
581 2083 698 2129 demens.
736 2080 805 2139 Quid
825 2080 897 2128 enim
914 2080 1018 2129 maiore
1036 2079 1167 2130 cachinno

403 2163 544 2224 Excipitur
561 2165 651 2236 yolgi,
671 2177 748 2228 quam
767 2176 871 2226 pauper
889 2158 1023 2226 Apicius?
1060 2165 1154 2215 Omnis

404 2235 565 2317 Convictus,
585 2253 721 2317 thermae,
741 2250 889 2318 stationes,
909 2264 988 2301 omne
1007 2251 1142 2301 theatrum

331 2329 367 2399 5)
402 2336 443 2385 De
462 2336 564 2386 Rutilo.
599 2339 667 2386 Nam
686 2338 746 2387 dum
766 2336 858 2387 valida
876 2349 909 2387 ac
926 2335 1058 2386 iuvenilia
1076 2337 1196 2388 membra

401 2418 546 2472 sufiiciunt
565 2424 662 2486 galeae
681 2423 796 2484 dumque
815 2423 914 2472 ardens
932 2421 1081 2486 sauguine,
1101 2424 1198 2486 fertur,

338 2533 340 2536 ·
401 2509 460 2557 Non
479 2511 597 2571 cogente
616 2507 736 2571 quidem,
755 2507 803 2554 sed
822 2518 874 2555 nee
891 2505 1050 2565 prohibente
1069 2506 1186 2568 tribuno,

402 2593 558 2654 scripturus
576 2594 654 2654 leges
673 2593 701 2640 et
717 2590 797 2654 regia
814 2591 898 2638 verba
915 2588 1040 2638 lanistae.

295 2693 415 2758 nullam
432 2695 562 2758 omnino
577 2695 653 2755 viris
669 2690 771 2755 doctis
786 2692 924 2753 movisse
938 2687 1088 2751 videntur
1110 2686 1353 2770 dubitationem,

295 2801 356 2882 qui,
380 2820 474 2883 quum
491 2817 602 2861 omnes
618 2817 718 2881 aeque
735 2793 850 2858 leviter
872 2813 1007 2858 summas
1029 2789 1235 2856 difficultates
1258 2793 1354 2858 silen-

295 2903 341 2963 tio
368 2900 435 2960 fere
464 2907 639 2974 transeant,
669 2909 731 2960 tam
755 2897 852 2960 foede
874 2900 907 2959 in
929 2894 1170 2980 interpretando
1194 2894 1352 2974 labuntur,

296 3010 330 3066 ut
355 3001 453 3086 paulo
477 3001 605 3066 uberius
630 2998 670 3062 de
693 2997 851 3061 hocloco
877 3019 972 3084 agere
995 3018 1062 3061 non
1086 2997 1222 3060 alienum
1245 2997 1352 3062 videa-

294 3117 353 3171 tur.
387 3107 440 3170 De
455 3105 566 3168 Rutilo
585 3100 643 3166 illo
665 3100 745 3166 nihil
767 3100 918 3166 habemus
935 3110 1140 3188 compertum,
1162 3121 1255 3185 qnam
1270 3122 1352 3185 quae

295 3231 332 3274 ex
355 3212 432 3295 ipsis
455 3210 502 3272 his
524 3206 668 3272 versibus
691 3206 845 3295 colligere
867 3228 1051 3292 possumne,
1081 3205 1179 3270 luisse
1203 3226 1274 3268 eum
1298 3225 1352 3269 ne-

230 3298 232 3306 ’
294 3320 403 3396 potem
433 3310 604 3394 quendam,
634 3308 687 3394 qhi
717 3309 757 3374 ad
789 3319 961 3397 egestatem
990 3312 1151 3388 redactum
1180 3296 1275 3393 quum
1298 3318 1351 3374 aut

293 3432 441 3489 „omnem
465 3412 596 3475 fundum
612 3415 788 3499 Laremque
810 3416 914 3476 ventri
937 3413 1119 3490 donasset“,
1142 3421 1197 3474 aut
1219 3415 1349 3476 omnino

294 3534 360 3579 nou
384 3515 506 3599 magnis
529 3513 692 3596 praeditus
715 3516 827 3581 fuisset
849 3513 978 3599 opibuS,
1007 3514 1107 3580 nihilo
1135 3515 1237 3578 secius
1262 3513 1349 3580 luxu-

251 3631 255 3636 ’
286 3601 410 3682 ⁸riosam
435 3619 636 3683 continuaret
656 3621 762 3685 vitam.
797 3621 912 3703 Neque
935 3616 1120 3684 scholiastes
1143 3616 1255 3683 melius
1278 3639 1349 3682 eum

293 3732 442 3800 noverat,
472 3724 561 3787 cuius
590 3724 823 3807 interpretatio:
852 3742 934 3804 „per
961 3722 1099 3788 Atticum
1130 3720 1258 3785 divitem
1279 3717 1348 3780 volt

293 3824 455 3912 „intellegi
478 3824 657 3911 quemlibet,
679 3846 736 3909 per
758 3820 901 3886 Rutilum
925 3835 1028 3890 autem
1049 3843 1231 3911 pauperum,
1254 3841 1346 3904 quem

292 3929 486 4006 „dementem
510 3927 585 3992 ideo
608 3928 699 4005 dixit,
728 3929 801 4011 quia
822 3929 857 3991 in
879 3926 1043 4005 divitibus,
1068 3947 1148 4012 quae
1172 3925 1347 3988 humanitas

292 4029 436 4107 ‚,dicitur‚
466 4033 545 4095 haec
573 4034 606 4093 in
632 4039 819 4116 paupertate
842 4029 1002 4095 dementia
1023 4029 1194 4106 habetur,“
1218 4049 1255 4092 ex
1278 4031 1346 4114 ipsa

292 4132 350 4195 hac
365 4133 457 4194 satira
474 4133 618 4216 profecta
635 4143 691 4197 est
715 4131 780 4198 Sed
796 4132 871 4218 quid
887 4132 1014 4200 taudem
1029 4132 1090 4198 sibi
1104 4130 1219 4198 volunt
1233 4131 1346 4198 verba:
