2980 4700
158 477 223 544 bus
247 460 367 542 extorta
390 485 477 555 sunt,
500 497 561 562 pro
584 480 678 543 certis
700 475 876 554 venditare,
898 475 985 562 qnod
1007 476 1149 540 certatim
1172 477 1215 544 ia·

159 582 247 646 ciunt
267 582 366 646 aeteri
388 579 542 658 editores,
564 601 714 665 quorum,
736 588 773 644 nt
794 597 892 643 unum
913 600 972 664 pro
995 597 1117 666 genere
1137 581 1214 648 alle·
1322 631 1340 654 .

157 705 231 762 ram,
254 682 330 769 quid
353 682 528 749 iudioemus
550 681 592 746 de
607 683 792 748 Aehaintrio
807 680 907 746 verba
927 683 1084 759 „subitum
1107 690 1214 768 etmi-

157 786 318 866 ,sarabile
340 785 500 872 Ιοιιςιιιιιιι
516 786 561 848 ita
584 783 776 871 explicante:
802 785 956 862 „nomina
978 795 1053 848 sunt
1073 785 1211 854 saltatio-

154 913 255 970 „num
278 899 312 954 et
333 897 490 976 gestuum,
511 886 775 973 quemadmodum
798 896 831 952 et
851 890 969 952 nostris
991 885 1212 956 saltationibus

154 1003 275 1073 „tuno
297 994 490 1077 temporis
513 991 657 1058 videmus
678 995 809 1060 nomina
832 990 928 1058 darie
961 993 1007 1058 Ut
1028 1001 1149 1058 taceam
1171 991 1212 1056 de

155 1106 225 1162 tota
235 1098 473 1182 perversissima
483 1097 755 1179 interpretatione,
768 1096 803 1159 id
813 1105 934 1164 tantum
945 1117 1101 1183 quaeram,
1117 1117 1214 1182 quum

157 1201 243 1264 dieat
271 1208 371 1275 „tune
398 1199 582 1280 temporis“,
610 1197 697 1280 quod
724 1196 853 1262 tandem
878 1208 1002 1284 tempus
1027 1199 1212 1286 intellegat?

158 1297 350 1384 Respondet
373 1297 561 1386 Grangaeus
585 1301 786 1364 enarratione
807 1321 864 1374 sua
885 1301 1045 1378 „subitum
1069 1311 1101 1366 et
1122 1305 1213 1366 mise-

154 1401 274 1482 „rabile
289 1401 421 1490 longum
436 1405 565 1468 nomina
581 1413 656 1468 sunt
670 1401 873 1468 saltationum
889 1413 921 1470 et
934 1413 1090 1491 gestuum,
1106 1425 1212 1488 quern-

151 1504 341 1584 „admodum
370 1516 403 1572 et
431 1509 548 1574 nostris
576 1506 799 1572 saltationibus
825 1528 928 1573 nnnc
950 1510 1145 1593 temporis
1167 1509 1213 1572 vi-

153 1609 283 1689 „demus
305 1613 436 1676 uomina
458 1609 536 1675 dari.
544 1615 560 1646 ‘⁴
604 1613 717 1676 Bonus
738 1613 836 1697 igitur
857 1611 1057 1678 Achaintrius
1078 1609 1121 1678 ad
1142 1632 1212 1676 ver-

152 1713 238 1792 bnm,
259 1723 296 1779 nt
313 1713 418 1782 lacere
432 1712 526 1792 solet,
548 1717 655 1780 omnia
670 1716 842 1800 exscripsit,
863 1725 981 1782 mutata
1004 1725 1125 1782 tanmm
1147 1737 1212 1782 una

151 1837 237 1882 voce
257 1823 378 1896 „nund‘
400 1819 435 1880 in
457 1821 575 1894 „tuno“.
610 1818 734 1880 Tamen
756 1817 920 1902 Grangaei
941 1839 983 1884 ne
1005 1839 1125 1884 nomen
1145 1820 1212 1901 qui-

153 1919 228 1985 dem
258 1919 407 1984 exhibuit
455 1917 573 1984 Melius
601 1920 697 2006 igitur
725 1917 939 1999 Heinriehius,
966 1918 1140 1986 dummodo
1168 1940 1212 1984 ne

154 2026 261 2090 omnia
284 2045 303 2089 a
324 2023 489 2088 monachis
512 2032 681 2109 tantopere
701 2033 854 2110 eornrpla
876 2033 1017 2111 putaret,
1045 2034 1081 2090 nt
1104 2026 1139 2090 in
1164 2026 1212 2090 in-

152 2138 277 2215 tegrum
299 2129 424 2191 restitui
444 2147 577 2210 prorsus
599 2136 768 2210 nequeant
801 2128 867 2192 lam
887 2127 1124 2212 nequidquam
1147 2147 1212 2190 om-

151 2233 234 2294 nino
263 2231 298 2290 in
325 2229 374 2290 his
396 2229 541 2292 versibus
569 2236 753 2311 corruptum
781 2221 941 2304 videatur,
971 2225 1211 2312 interpretando

153 2328 251 2394 nobis
269 2326 444 2394 cavendum
463 2333 529 2394 erit.
565 2330 731 2397 Orationis
753 2339 859 2416 partes
881 2333 1016 2417 primum
1037 2333 1082 2396 ita
1104 2329 1212 2396 distin-

154 2430 304 2521 guendae
332 2441 419 2512 sunt,
448 2443 484 2500 ut
510 2444 597 2502 recte
623 2434 735 2501 docuit
755 2433 938 2525 Madvigius
961 2436 1095 2522 (opusc.
1122 2433 1209 2500 acad.

153 2559 184 2622 p.
210 2538 297 2617 48.):

543 2708 548 2718 ,
705 2650 812 2712 Appula
830 2650 936 2714 gannit,

259 2731 339 2782 sieut
356 2729 384 2778 in
402 2731 544 2794 amplexu,
562 2730 680 2780 subitum
698 2735 727 2779 et
744 2732 913 2781 miserabile:
936 2731 1048 2791 longum

260 2811 392 2863 adtendit
409 2813 554 2881 Thymele,
574 2813 706 2876 Thymele
727 2816 791 2864 tuno
808 2813 913 2865 mistica
931 2811 1019 2863 discit.

151 2948 254 3016 Nullo
271 2949 354 3012 enim
377 2945 475 3012 modo
499 2948 670 3015 cohaerere
693 2961 829 3034 possunt
850 2948 1010 3029 „subitum
1032 2958 1065 3014 et
1086 2948 1212 3012 misera-

153 3050 243 3131 „bile
265 3039 428 3136 longum,“
450 3054 518 3115 sive
540 3051 581 3114 ad
603 3054 711 3132 priora
732 3054 859 3128 referas,
882 3054 950 3114 sive
972 3049 1013 3112 ad
1035 3052 1209 3134 sequentia.

154 3151 222 3224 Sed
244 3150 285 3214 de
308 3152 356 3212 his
378 3149 564 3224 videbimus,
585 3169 659 3210 narn
682 3150 721 3212 ab
744 3154 842 3224 initio„
860 3159 909 3212 est
930 3148 1129 3212 ordiendum.

245 3248 348 3313 Saltat
368 3248 537 3333 Bathyllus
563 3253 776 3333 pantomimus
802 3250 1037 3327 „chironomon
1063 3247 1209 3313 Ledam“.

155 3357 359 3424 Adiectivum
380 3351 632 3432 „chironom0s“
655 3352 694 3416 ab
717 3351 786 3418 aliis
807 3353 1027 3416 Romanorum
1048 3354 1210 3439 scriptori-

153 3463 215 3528 bns
244 3481 311 3526 non
337 3465 519 3543 usurpatum
547 3459 708 3524 invenitur
729 3467 835 3522 tamen
858 3457 983 3540 saepius
1006 3456 1114 3521 similis
1140 3477 1210 3541 par-

155 3567 255 3649 ticipii
283 3564 384 3628 forma
406 3561 641 3639 „chironomon
649 3566 665 3595 “
688 3561 937 3646 (χειρονομῶν).
981 3560 1036 3624 Sio
1057 3556 1142 3643 apud
1164 3560 1209 3644 ip-

156 3689 224 3734 sum
246 3663 430 3731 Iuvenalem
445 3664 487 3728 V.
512 3666 599 3730 laon

262 3804 433 3855 struemrem
450 3799 570 3867 interea,
591 3813 624 3852 ne
642 3813 695 3865 qua
712 3797 864 3864 indignatio
882 3795 963 3864 desit,

263 3890 412 3940 saltantem
428 3891 541 3950 spectas
559 3889 588 3939 et
604 3887 810 3938 mnonemunta
826 3882 930 3936 volanti

265 3973 383 4027 (tultelio
400 3976 453 4024 eto.

162 4081 203 4147 do
226 4083 369 4156 soissore,
393 4084 454 4163 qui,
476 4091 557 4148 teste
573 4082 701 4148 Patron.
717 4083 769 4146 36.
793 4078 851 4158 „ad
865 4077 1084 4164 symphoniam
1100 4077 1142 4139 ita
1157 4095 1213 4162 ge-
