2980 4700
249 291 298 364 lo

184 527 189 534 .
252 475 426 559 „sticulans
452 477 571 541 lacerat
598 479 784 561 opsonium,
813 488 848 541 ut
875 486 968 563 putes
995 479 1127 542 Darium
1155 477 1313 564 hydraule

140 624 154 639 .
250 591 422 662 „cantante
444 585 617 668 pugnare.“
650 581 793 666 Utraque
816 582 912 666 igitur
934 580 1033 644 forma
1057 580 1222 646 eGraeco
1246 603 1313 646 ser-

250 705 346 749 mone
373 688 406 748 in
429 686 575 747 Latinum
606 682 755 746 translata
784 682 1049 770 significationem
1075 705 1143 749 non
1168 687 1310 748 mutavit.

252 788 460 874 Quapropter
479 790 571 852 etiarn
589 790 614 850 si
633 788 742 872 potius
759 797 1012 872 exspectaremus
1030 789 1232 882 „chironomo
1248 789 1312 850 Ba-

249 887 400 976 „thyllo“,
416 889 503 975 quod
519 888 670 954 hocloco
688 888 887 954 scribendum
903 912 974 954 esse
987 891 1178 975 opinabatur
1191 891 1308 954 Meurs.

251 995 349 1062 Orch.
366 995 453 1078 Opp.
468 992 534 1056 vol.
544 995 583 1055 V.
600 1017 631 1078 p.
644 995 728 1071 269,
744 1015 845 1078 aeque
860 992 944 1056 bene
962 997 1091 1078 poetico
1108 1015 1198 1058 more
1212 1004 1314 1057 trans-

253 1097 327 1160 ferri
349 1105 459 1181 potest
480 1095 559 1159 illud
572 1097 746 1180 epitheton,
769 1117 841 1160 nam
864 1099 931 1181 ipsa
955 1099 1044 1180 quasi
1058 1095 1146 1160 Leda
1169 1097 1314 1184 gestibus

251 1198 416 1263 libidinem
439 1199 584 1284 aliosque
608 1203 702 1264 animi
725 1199 860 1264 allectus
880 1200 1033 1284 exprimit,
1055 1220 1159 1284 neque
1178 1209 1240 1276 cst,
1257 1221 1314 1263 cur
1388 1255 1400 1271 ,

252 1301 294 1366 ad
325 1302 478 1368 Gessneri
509 1305 724 1367 Heinrichiive
751 1302 899 1366 ridiculas
933 1305 1072 1388 argutias
1103 1300 1314 1380 decurramus,

253 1427 386 1492 quorum
411 1405 491 1468 alter
510 1409 607 1468 vertit
628 1403 769 1482 „Ledam
794 1403 965 1467 blanditias
987 1405 1058 1468 lovi
1080 1416 1174 1492 gestu
1196 1406 1314 1470 facien-

253 1558 268 1586 „
276 1518 338 1571 tem
347 1513 371 1584 “,
392 1505 472 1570 alter
485 1508 741 1583 „chironomon“
757 1509 882 1588 passive
905 1505 1022 1570 dictum
1047 1529 1117 1572 esse
1139 1519 1230 1593 putat
1251 1530 1312 1596 pro

251 1611 581 1697 ,,χειρονομουμένην“
593 1613 624 1688 (a
637 1607 829 1672 chironomis
842 1607 974 1673 multum
986 1613 1127 1698 agitem).
1152 1614 1217 1676 lam
1232 1634 1310 1676 vero

253 1712 293 1777 de
311 1711 472 1797 Bathyllo,
488 1713 615 1788 Tuccia,
633 1710 767 1796 Appula,
785 1711 942 1796 Thymele
960 1713 1178 1780 disserendum
1199 1721 1266 1781 erit.

341 1814 533 1900 Bathyllum,
558 1814 598 1878 de
622 1836 686 1899 qno
710 1813 821 1877 dicunt
836 1817 913 1878 Tac.
933 1816 1015 1880 Ano.
1033 1820 1055 1881 l.
1072 1821 1125 1884 34.
1149 1821 1248 1885 schol.
1272 1821 1313 1885 ad

252 1921 338 1983 Pers.
362 1929 418 1982 sat.
437 1919 478 1980 V.
497 1921 570 1982 123.
594 1917 739 1981 Macrob.
778 1917 843 1981 Sat.
859 1919 900 1981 ll.
917 1922 946 1985 7.
971 1921 1123 2008 multique
1146 1924 1207 2002 alii,
1231 1946 1312 2008 quos

253 2023 425 2106 Rupertius
447 2019 578 2100 laudat,
608 2022 804 2086 Maecenatis
834 2021 981 2088 libertum
1012 2026 1311 2111 celeberrimumque

253 2125 481 2210 pantomimum
503 2123 600 2190 fnisse
623 2135 756 2190 constat.
802 2125 868 2190 Sed
890 2145 986 2214 quarn
1008 2129 1166 2193 luvenalis
1188 2139 1312 2214 tempo-

252 2228 348 2307 ribus,
371 2249 452 2312 qnae
475 2228 559 2293 hand
582 2229 679 2294 dubie
701 2234 770 2316 ipsa
788 2233 851 2297 hoc
866 2231 941 2296 loco
956 2236 1221 2320 perstringuntur,
1243 2253 1310 2298 non

254 2331 387 2415 amplius
409 2333 493 2395 inter
515 2336 605 2397 vivos
633 2345 716 2398 esset
738 2334 924 2420 Bathyllus,
955 2335 1037 2401 duae
1065 2347 1186 2402 restant
1216 2337 1313 2424 expli-

253 2431 346 2496 candi
373 2435 528 2512 rationes,
559 2446 613 2498 ant
636 2435 731 2499 alium
755 2438 895 2503 eiusdem
919 2443 1056 2503 nominis
1081 2446 1310 2524 pantomimum

253 2538 301 2599 sui
324 2537 475 2620 temporis
498 2546 612 2600 notare
634 2549 772 2623 poetam,
799 2552 853 2607 aut
876 2542 1037 2607 clarissimi
1060 2543 1144 2607 illius
1168 2543 1312 2628 Bathylli

252 2658 379 2717 nomen,
402 2648 559 2724 tamquam
573 2643 666 2730 primi
689 2645 722 2706 in
745 2645 804 2709 hac
827 2655 903 2725 arte,
926 2666 986 2731 pro
1010 2655 1080 2709 toto
1102 2647 1310 2731 pantomimo-

252 2763 320 2805 rum
342 2762 462 2829 genere
484 2748 623 2829 positurn
649 2768 726 2812 esse.
773 2750 814 2813 Et
842 2759 929 2814 recte
959 2747 1083 2834 quidem
1106 2749 1307 2814 Heinrichius

252 2842 327 2908 huic
347 2847 603 2931 interpretationi
627 2853 763 2931 priorem
786 2851 945 2932 praetulit,
973 2853 1070 2915 fnisse
1094 2864 1159 2917 tum
1183 2874 1311 2937 quoqne

252 2946 436 3032 Bathyllum
456 2971 493 3012 ex
513 2951 633 3034 antiqui
651 2949 735 3012 illius
751 2949 893 3033 Bathylli
915 2955 1052 3034 posteris
1077 2952 1311 3038 discipulisque,

252 3053 306 3136 qui
328 3051 501 3137 perplura
525 3053 675 3138 deinceps
700 3049 905 3116 excelluerint
926 3073 1054 3140 genera,
1078 3055 1165 3141 quod
1183 3055 1311 3136 docent,

252 3175 333 3240 qnos
357 3153 465 3220 laudat
487 3157 701 3236 Heinrichius,
730 3157 754 3220 l.
779 3154 936 3244 Scaliger,
966 3158 1112 3223 animadv
1135 3163 1168 3224 in
1191 3161 1309 3227 Euseb.

251 3280 282 3341 p.
308 3259 381 3321 169.
407 3268 439 3321 et
460 3258 646 3341 SalmasiuS,
676 3263 782 3345 script.
813 3261 883 3324 bist.
908 3264 988 3350 Aug.
1013 3265 1144 3350 Vopisc.
1170 3289 1202 3350 p.
1227 3268 1309 3344 tto,

252 3357 394 3420 Senecae
417 3362 549 3422 maxime
572 3365 770 3426 testimonio:
799 3373 884 3441 „stat
909 3385 969 3446 per
991 3386 1192 3431 successores
1216 3367 1310 3451 Pyla-

194 3527 197 3540 ,
250 3456 322 3538 „dis
347 3467 379 3522 et
400 3457 542 3541 Bathylli
566 3461 693 3539 domus;
717 3467 829 3530 horum
851 3463 942 3527 multi
966 3463 1114 3551 discipuli
1136 3477 1210 3532 sunt
1231 3468 1310 3534 mul-

250 3565 360 3648 „tiqne
384 3561 560 3625 doctores.“
605 3565 719 3650 Neque
748 3568 782 3631 id
810 3570 933 3646 mirum,
963 3591 1035 3632 nam
1058 3571 1175 3636 factum
1200 3582 1309 3646 estex

253 3668 446 3750 antiquitatis
469 3686 570 3743 more,
600 3677 636 3730 ut
660 3668 789 3732 eaedem
814 3680 897 3734 artes
920 3676 953 3737 in
977 3672 1087 3738 eadem
1110 3679 1307 3762 potissimum

255 3768 475 3834 excolerentur
498 3768 623 3834 familia.
670 3770 797 3836 Vellem
825 3776 859 3837 in
888 3776 998 3842 eadem
1028 3777 1099 3842 luce
1128 3781 1231 3863 posita
1261 3797 1308 3840 es-

252 3882 336 3951 sent,
366 3895 447 3959 quae
471 3871 606 3937 dicenda
630 3885 703 3939 sunt
726 3873 766 3938 de
791 3878 909 3944 Tuccia
927 3882 974 3958 ¹);
1004 3880 1043 3942 ab
1074 3879 1142 3944 aliis
1164 3887 1306 3944 veterum

253 4017 451 4030 ———...

237 4170 242 4178 Ι
323 4089 354 4154 l)
379 4088 425 4145 Sic
444 4093 615 4150 scribendum
635 4117 696 4154 esse
715 4121 729 4155 e
746 4098 902 4156 melioribus
921 4117 975 4154 nou
994 4108 1097 4158 tantum
1110 4097 1244 4157 luvenalis
1264 4120 1307 4157 co-
