2980 4700
246 329 296 404 28

246 513 390 600 plerique
418 515 605 598 scriptores,
637 515 812 578 accuratius
840 513 999 593 „aedem“
1022 525 1054 580 et
1074 514 1218 595 „aedes“
1240 517 1303 582 dis-

247 618 355 694 cernit,
377 615 464 702 quod
486 621 656 704 perspicue
679 625 812 704 apparet
836 637 873 682 ex
896 629 952 685 sat.
976 619 1047 683 Vll.
1070 642 1099 682 v.
1116 620 1168 683 37.
1192 631 1224 683 et
1246 623 1302 685 40.

244 718 404 798 „flumina
429 728 553 805 portus,
579 721 758 785 siccandam
781 719 946 786 eluviem.“
988 721 1127 786 Dubium
1150 743 1220 785 esse
1243 742 1303 806 po·
1391 712 1396 724 ⁸

155 863 158 872 ·
245 831 314 900 test,
330 821 406 908 quid
421 825 462 888 sit
475 823 605 890 flumina
621 834 653 890 et
666 833 778 909 portus
795 824 985 904 conducere,
1008 825 1073 904 sed,
1096 827 1123 889 si
1138 823 1177 888 ad
1192 826 1301 910 priora

244 928 428 1011 respicimus
450 927 585 1004 „aedem
609 926 820 1008 conduceref‘,
845 932 938 992 etiam
960 931 1023 992 hoc
1046 930 1087 994 de
1106 925 1300 993 exstruendis

244 1029 483 1116 purgandisque
504 1030 649 1116 portibus
673 1038 767 1116 atque
788 1031 982 1108 fluminibus,
1012 1050 1147 1115 quorum
1169 1028 1304 1117 crepidi-

244 1153 302 1196 nes
326 1134 496 1196 caementis
518 1133 711 1199 lateribusve
734 1135 951 1214 struebantur,
974 1133 1090 1198 dictum
1112 1141 1226 1218 putare
1249 1131 1303 1198 de-

243 1234 364 1299 bemus·
400 1234 510 1301 Nolim
534 1246 704 1317 autemut
727 1238 848 1302 faciunt
868 1237 1032 1315 nonnulli,
1062 1236 1102 1301 de
1125 1238 1303 1321 piscatione

244 1338 362 1403 inillis
385 1341 561 1405 exercenda
584 1341 749 1426 explicare,
773 1349 806 1402 et
826 1324 1043 1402 multo‘etiam
1066 1343 1169 1401 minus
1193 1338 1234 1401 de
1249 1360 1304 1401 ve-

245 1440 353 1527 ctigali
375 1445 409 1504 in
431 1441 583 1525 pontibus
605 1442 831 1520 fluminumque
854 1441 928 1521 ripis
952 1458 1012 1522 pro
1035 1441 1182 1514 transitu,
1207 1448 1238 1501 et
1260 1438 1303 1503 de

244 1544 389 1628 portorio
405 1562 465 1628 pro
485 1541 658 1605 evehendis
679 1537 930 1622 invehendisque
952 1539 1109 1604 mercibus
1132 1539 1301 1618 solvendo,

243 1664 339 1729 quum
355 1646 415 1705 iam
432 1644 564 1728 propter
578 1639 802 1729 praecedentia
818 1641 894 1704 ferri
911 1651 1056 1726 nequeat,
1079 1650 1114 1705 ut
1131 1641 1215 1707 idem
1230 1664 1301 1705 ver-

242 1745 318 1810 bum
341 1744 569 1823 „conducere“
592 1745 632 1810 ad
654 1747 756 1809 varias
778 1747 938 1832 pertineat
961 1746 1113 1809 actiones.
1139 1783 1178 1795 -
1202 1767 1301 1831 „por-

243 1847 371 1913 tandam
400 1847 440 1912 ad
466 1848 560 1916 busta
587 1849 748 1915 cadaver.“
792 1851 829 1913 lu
850 1847 1009 1912 Libitinae
1032 1846 1127 1925 aede,
1156 1869 1237 1934 quae
1260 1847 1302 1912 ad

243 1972 375 2038 pompas
391 1952 542 2016 funebres
558 1975 641 2040 opus
659 1963 756 2030 erant,
779 1952 1029 2031 asservabantur,
1052 1951 1244 2037 publiceque
1265 1950 1302 2015 li-

242 2055 411 2133 bitinariis,
434 2059 487 2140 qui
509 2055 695 2141 sepelienda
718 2055 873 2119 cadavera
895 2053 1096 2118 redemerant
1118 2076 1223 2140 eoque
1246 2075 1301 2118 ne·

242 2161 334 2246 gotio
356 2169 521 2243 quaestum
543 2160 603 2223 sibi
625 2159 794 2247 parabant,
824 2156 1013 2221 locabantur
1027 2159 1068 2238 ¹).

149 2347 152 2354 Ι
332 2261 491 2326 Omnibus
510 2266 608 2350 igitur
624 2263 711 2327 hisce
728 2260 871 2327 versibus
888 2259 928 2325 de
943 2264 1083 2347 negotiis
1099 2261 1222 2339 dicitur,
1243 2281 1301 2345 pu-

243 2365 327 2430 blice
349 2388 367 2428 a
389 2369 575 2452 magistratu
597 2367 735 2452 quodam
758 2368 907 2428 Romano
932 2362 1187 2450 redemptoribus
1207 2363 1302 2428 loca-

243 2470 293 2531 tis.
338 2467 403 2530 Iam
425 2488 504 2532 vero
527 2471 669 2552 sequitur
690 2489 809 2544 versus,
832 2489 925 2551 quam
947 2488 1015 2531 non
1038 2477 1125 2532 recte
1148 2489 1165 2529 a
1189 2468 1303 2551 priori-

244 2569 303 2634 bus
326 2569 552 2657 interpretibus
577 2570 766 2657 explicatum
790 2590 860 2633 esse
884 2568 956 2633 dixi.
993 2571 1032 2634 lu
1046 2571 1179 2635 vocibus
1194 2589 1301 2653 „prae-

243 2673 337 2752 ‚,bere
361 2679 473 2759 caput“
493 2673 745 2762 intellegendum
769 2676 828 2737 erit
849 2693 940 2739 suum
964 2683 1075 2760 caput,
1098 2695 1170 2739 nam
1193 2670 1300 2735 alieno

244 2779 340 2862 capiti
362 2798 430 2842 non
452 2780 604 2842 convenit
624 2777 756 2843 verbum
781 2778 993 2863 „praebere“,
1022 2776 1110 2864 quod
1132 2779 1159 2840 si
1181 2772 1301 2862 sigpiii-

246 2896 319 2942 care
335 2877 491 2943 voluisset
508 2889 613 2963 poeta,
636 2881 798 2960 „ducere“
811 2884 920 2966 potius
934 2881 987 2944 vel
1009 2901 1143 2960 „vocare
1166 2878 1225 2941 sub
1247 2878 1301 2939 ba-

245 2987 340 3061 „sta“
364 2971 419 3046 vel
439 2981 540 3045 simile
563 2980 639 3068 quid
662 2983 798 3049 dixisset.
834 2983 966 3070 Caput
989 2993 1092 3046 autem
1116 2976 1299 3063 complexus

246 3096 294 3152 est
317 3089 456 3150 omnium
479 3085 638 3151 bonorum
660 3089 840 3174 iurumque,
863 3109 944 3174 quae
966 3085 1063 3150 babet
1084 3086 1161 3148 civis
1184 3085 1301 3146 Roma-

244 3211 314 3268 nus,
336 3189 499 3269 libertatis,
523 3192 666 3270 civitatis,
688 3195 735 3256 rei
758 3191 918 3256 familiaris
934 3201 992 3255 etc.
1011 3199 1068 3254 etc.
1089 3189 1128 3253 cl.
1145 3186 1214 3253 Cic.
1231 3186 1300 3252 Oli.

244 3295 268 3357 1.
293 3295 343 3370 12,
364 3296 417 3358 38.
440 3303 623 3372 „certamen
646 3297 756 3381 capitis
765 3302 781 3330 “
805 3299 882 3360 Tac.
899 3298 983 3358 Anu.
1000 3295 1107 3358 11.30.
1131 3291 1299 3375 „quaestio

244 3399 302 3474 „in
326 3405 422 3480 caput
445 3395 591 3461 domini.“
635 3399 738 3463 Plaut.
763 3401 850 3462 Asin.
866 3398 890 3460 I.
913 3399 943 3474 2,
966 3399 997 3458 5.
1019 3397 1153 3479 „capitis
1175 3404 1207 3456 te
1229 3413 1301 3476 per-

244 3498 367 3579 „dam,“
389 3499 467 3562 Hor.
492 3521 565 3586 epp.
581 3502 605 3565 1.
631 3504 658 3578 l,
682 3504 734 3566 43.
758 3503 876 3580 „animi
899 3500 1071 3584 capitisque
1094 3494 1195 3559 labor.
1204 3501 1220 3529 “
1253 3496 1300 3558 Ex

246 3601 357 3667 eadem
380 3602 615 3690 significatione
637 3604 773 3668 formula
798 3602 982 3688 explicanda
1006 3609 1054 3665 est
1080 3602 1218 3686 „capitis
1247 3597 1301 3662 de-

245 3708 435 3786 „miuutio,“
458 3708 496 3773 cl.
519 3707 608 3772 Paul.
631 3708 706 3794 Dig.
729 3705 787 3770 IV.
811 3709 840 3770 5.
863 3707 890 3791 §.
909 3710 959 3772 ll.
1004 3706 1080 3769 lust.
1103 3705 1179 3768 lust.
1202 3705 1225 3767 1.
1249 3703 1300 3779 16,

245 3809 301 3877 ubi
331 3819 440 3896 aperte
470 3809 596 3876 dicitur:
624 3861 640 3890 ‚,
648 3831 757 3873 servus
786 3820 891 3874 autem
917 3812 1021 3896 capite
1050 3829 1118 3874 non
1143 3807 1301 3881 minuitur,

249 3973 446 3981 --..-·-—-—--

318 4053 351 4122 1)
376 4052 418 4110 cf,
441 4053 511 4111 Plut.
528 4006 632 4130 *quaest
663 4052 739 4111 Rom.
763 4055 806 4111 23.
830 4053 889 4110 Liv.
912 4052 968 4108 XL.
994 4055 1036 4120 19,
1059 4051 1116 4108 XL.
1140 4054 1183 4107 al.
1225 4049 1300 4106 Suet.

247 4137 319 4195 Nero
337 4140 380 4194 39.
417 4137 476 4195 Val.
495 4139 562 4196 lllax.
581 4137 614 4195 V.
632 4142 659 4207 2,
680 4143 721 4196 lt).
757 4138 920 4196 Kircbmaun
939 4137 972 4194 de
992 4136 1044 4194 lun.
1065 4137 1141 4193 Rom.
1164 4141 1185 4192 l.
1205 4139 1230 4192 9.
