2980 4700
767 1377 823 1438 DE

267 1515 436 1600 salma
456 1514 955 1616 admirandarum
976 1517 1056 1602 SUB
1078 1517 1324 1604 lllllllNlllrlS

489 1649 684 1734 ,nolimu
711 1648 1073 1736 omousianorum

268 1953 447 2076 Constare
476 2013 602 2076 videtur
629 2018 713 2077 inter
738 2018 824 2076 viros
855 2013 984 2092 doctos,
1013 2023 1130 2078 sextam
1162 2013 1326 2090 decimam,

267 2136 348 2200 quac
371 2113 472 2202 volgo
498 2115 673 2193 ferebatur,
702 2113 860 2178 luvenalis
884 2119 1022 2199 spuriam
1047 2124 1079 2178 ct
1101 2119 1228 2193 nescio,
1256 2137 1324 2200 quo

267 2220 334 2283 fato
359 2221 471 2283 ceteris
497 2217 597 2306 longe
619 2217 902 2304 praestantioribus
926 2218 1017 2282 buius
1040 2227 1158 2302 poetae
1182 2222 1325 2281 carmini-

267 2322 327 2386 bus
356 2321 498 2386 adsutam
529 2343 611 2398 essc;
642 2343 747 2408 neque
774 2331 907 2408 propter
934 2325 1068 2386 minutas
1092 2343 1216 2399 causas,
1246 2343 1324 2407 quas

268 2423 387 2485 addere
410 2445 541 2505 possum
565 2425 606 2486 ad
628 2424 814 2488 firmandam
836 2425 918 2512 hanc
940 2429 1168 2510 suspicionem,
1194 2446 1324 2489 examen

266 2522 346 2586 illud
369 2521 409 2584 ab
426 2523 610 2584 Heinrichio
633 2527 707 2586 satis
726 2523 898 2608 diligenter
913 2534 945 2588 et
962 2526 1057 2590 docte
1078 2531 1252 2593 institutum
1275 2551 1324 2591 re-

266 2625 632 2710 vocabopmagnopere
655 2634 760 2688 autem
783 2627 887 2703 miror,
911 2627 1007 2710 quod,
1032 2653 1127 2713 quum
1149 2630 1240 2694 multi
1261 2652 1321 2715 pro

268 2738 356 2793 certo
380 2732 441 2792 iam
463 2727 627 2806 haberent,
653 2727 744 2791 multi
766 2749 833 2792 non
855 2731 1066 2815 improbabile
1089 2744 1247 2818 putarent,
1269 2755 1323 2820 ge-

268 2835 372 2896 nuinis
387 2831 546 2897 luvenalis
563 2831 751 2896 carminibus
773 2831 879 2897 addita
903 2857 972 2898 esse
994 2835 1096 2900 aliena
1120 2849 1213 2922 atque
1234 2835 1323 2899 adul-

268 2937 369 2998 terina
400 2933 568 3018 quaedam,
600 2956 661 2998 nec
689 2939 763 3020 ipse¹
784 2938 887 2999 statim
916 2939 1116 3002 Heinricbius
1140 2942 1184 3017 ¹),
1217 2960 1322 3020 neque

269 3040 365 3102 ceteri
388 3036 527 3101 editores
549 3041 781 3123 interpretesve
811 3042 985 3102 accuratius
1015 3043 1149 3102 animum
1178 3043 1210 3100 in
1233 3037 1321 3102 aliud

269 3165 395 3207 carmen
417 3139 635 3220 intenderunt,
664 3145 698 3205 in
721 3142 807 3228 quod
831 3164 930 3227 aeque
953 3146 1074 3221 omnia,
1098 3152 1129 3206 et
1152 3164 1233 3228 quae
1256 3141 1322 3205 illic

268 3250 480 3331 suspicionem
498 3246 706 3330 praebebant,
729 3256 761 3310 et
783 3245 881 3332 longe
904 3245 995 3332 plura
1019 3258 1112 3332 atque
1136 3249 1229 3311 etiam
1252 3268 1322 3332 gra-

268 3353 357 3412 viora
387 3349 517 3426 cadunt,
547 3348 790 3432 praecedentem
819 3349 892 3413 dico
921 3354 1047 3413 satiram
1074 3354 1214 3434 quintam
1240 3349 1324 3412 deci

269 3473 358 3528 mam,
382 3471 472 3535 quam
489 3448 571 3514 adeo
589 3474 606 3512 a
621 3451 786 3516 Juvenalis
802 3455 833 3514 vi
858 3461 889 3512 et
911 3458 978 3512 arte
1002 3455 1127 3534 poetica
1151 3453 1322 3515 abhorrere

268 3587 468 3602 μ...-

340 3655 373 3725 1)
395 3653 426 3710 ln
443 3652 526 3731 prael.
539 3652 594 3710 vol.
607 3653 638 3710 ll.
658 3675 684 3731 p.
698 3659 732 3709 22
751 3654 792 3710 ed.
807 3652 896 3708 Heinr.
915 3653 981 3709 haec
1000 3652 1136 3729 leguntur:
1156 3652 1321 3710 stimmtliche

269 3742 370 3796 satiren
389 3739 451 3794 sind
469 3739 530 3795 acht
547 3742 597 3810 mit
615 3738 758 3795 ausnahme
776 3737 825 3792 der
842 3736 1061 3806 letalem-deren
1082 3739 1236 3796 undclrthcit
1253 3739 1319 3794 auch

268 3830 296 3883 in
314 3825 367 3882 den
385 3823 457 3880 alten
476 3825 597 3882 sebollen
616 3823 762 3879 anerlrannt
773 3822 858 3889 wird3
877 3823 941 3880 aber
960 3824 1027 3882 auch
1045 3824 1089 3880 die
1101 3824 1232 3880 vorletzte
1250 3823 1319 3877 kann

268 3931 363 3984 wegen
386 3911 459 3966 ihrer
481 3910 599 3966 achtheit
622 3912 649 3965 in
673 3908 744 3983 lrage
767 3907 897 3964 kommen.
933 3909 1046 3967 Postero
1065 3911 1172 3986 quidem
1190 3919 1319 3984 tempore,

269 3995 423 4050 confirmata
441 3992 488 4050 illa
506 3998 674 4071 suspicione,
698 4013 752 4048 non
770 3995 857 4050 minus
876 3995 956 4065 hanc,
980 4016 1057 4074 quarn
1074 3995 1193 4051 ultimam
1211 3995 1320 4048 satiram

268 4077 401 4135 luvenalis
420 4081 526 4135 nomine
544 4099 656 4158 prorsus
676 4078 810 4155 indignam
827 4079 932 4148 habuit,
952 4091 982 4136 ut
999 4078 1169 4136 Heinricbius
1188 4078 1261 4135 filius
1280 4099 1319 4134 re·

269 4163 321 4220 lert
338 4166 367 4219 in
384 4166 523 4240 prooemio
544 4163 656 4220 editioni
673 4166 829 4241 praemisso.
