2980 4700
288 341 337 414 ts

288 523 496 593 Scribendum
519 534 582 602 est,
604 527 648 588 ita
670 533 706 589 nt
728 523 853 609 plenius
876 526 1146 610 interpunguntor
1168 536 1246 610 post
1268 547 1345 612 „Pe-

287 634 456 708 „ttmtor“:

449 744 564 806 Propter
584 756 653 807 quae
671 743 714 794 las
733 745 789 810 est,
812 753 903 806 genua
920 741 1042 792 inceratc
1060 744 1179 793 deorum.

376 831 442 898 Sed
465 853 507 898 ne
529 837 575 896 sic
595 833 722 919 quidem
742 830 889 896 omnibus
903 834 988 896 vitiis
1005 854 1111 896 carere
1132 832 1216 896 hunc
1236 832 1343 896 locum

287 959 474 1025 persuasum
497 939 572 1000 mibi
595 946 651 999 est.
686 937 825 1021 Egregia
850 938 932 998 enim
949 934 1106 1023 Madvigii
1126 956 1224 1021 opera
1245 938 1278 998 in
1301 935 1345 998 al-

288 1051 358 1108 tero
387 1049 508 1105 tantum
530 1060 625 1102 versu
654 1037 807 1113 substitit;
837 1039 939 1102 hiatus
963 1047 1067 1102 autern
1091 1037 1161 1118 ille,
1193 1061 1284 1125 quem
1311 1042 1346 1102 iu

288 1143 392 1208 altero
416 1163 512 1206 versu
533 1143 708 1218 inveneris,
738 1143 832 1206 certis
856 1141 1073 1228 similibusque
1096 1133 1182 1207 locis‘
1199 1145 1252 1206 vix
1274 1162 1347 1227 pro-

287 1245 357 1310 bari
372 1248 506 1332 poterit;
529 1245 731 1310 Heinricbius
747 1243 873 1330 quidem
889 1243 969 1309 illud
990 1251 1044 1324 ,‚a“
1061 1249 1094 1310 in
1116 1249 1348 1332 „supervacua“

289 1371 420 1414 caesura
443 1348 578 1436 produci
602 1349 806 1436 opinabatur,
830 1347 971 1434 exempla
995 1359 1099 1414 autem
1121 1349 1227 1414 attulit
1249 1347 1346 1413 nulla.

289 1451 395 1538 Quam
418 1462 453 1516 ut
475 1453 662 1539 redarguam
687 1454 886 1536 opinionem,
909 1472 964 1514 cor
987 1451 1028 1512 ad
1049 1451 1189 1536 reliquos
1214 1455 1348 1536 antiqui-

288 1559 361 1620 tatis
384 1564 498 1641 poetas
513 1556 545 1637 ¹)
569 1555 759 1642 confugiam,
781 1575 907 1618 causam
930 1573 998 1617 non
1021 1553 1126 1633 video,
1149 1576 1246 1639 quum
1269 1556 1345 1618 satis

288 1659 392 1745 ampla
408 1679 556 1724 versuum
572 1660 689 1723 hiatum
704 1661 934 1722 continentium
956 1662 1050 1743 copia
1066 1661 1106 1722 'iu
1128 1660 1204 1744 ipsis
1227 1658 1275 1747 his
1298 1678 1346 1721 sa-

288 1766 355 1830 tiris
383 1765 578 1842 inveniatur,
606 1783 740 1848 quornm
763 1771 875 1827 natura
897 1783 974 1848 prae
997 1766 1110 1828 ceteris
1134 1764 1193 1836 erit
1218 1762 1347 1825 investi-

288 1867 421 1953 ganda„
448 1865 530 1952 Sunt
552 1869 637 1931 enim
658 1867 691 1930 hi
713 1886 837 1929 versus:

342 1992 390 2039 vl.
408 1989 471 2038 2711.
508 1994 540 2040 ln
558 1993 678 2042 statione
697 2005 749 2041 aua
764 1986 790 2051 ²)
808 1993 890 2053 atque
907 1991 1130 2054 exspectantibus
1148 1991 1212 2041 illia.

357 2074 391 2121 X.
410 2071 472 2122 281.
508 2077 644 2124 Bellorum
662 2087 774 2140 pompa,
791 2075 908 2124 animam
927 2079 1082 2128 exhalasset
1100 2078 1223 2139 epimana.

316 2152 394 2222 (XV.
415 2154 474 2206 126.
510 2159 569 2208 Hoc
587 2159 678 2210 saevit
696 2159 772 2209 rabie
789 2159 898 2211 imbelle
917 2164 945 2212 et
966 2162 1061 2213 inutile
1079 2157 1207 2227 volgus.)

343 2243 392 2294 Vl.
411 2239 473 2292 468.
507 2244 609 2306 Incipit
627 2246 742 2308 agnosci
759 2249 841 2309 atque
858 2247 908 2298 illo
926 2250 999 2299 lacte
1016 2249 1134 2299 fovetur.

330 2330 391 2379 llll.
412 2325 472 2379 110.
508 2330 616 2382 Partem
635 2333 754 2395 aliquan
772 2331 837 2382 belli
854 2336 883 2383 et
901 2338 1010 2385 euntem
1028 2333 1056 2384 in
1074 2333 1180 2397 proelia
1197 2336 1307 2384 turrem.

317 2415 392 2464 xlll.
428 2412 471 2465 65.
508 2417 568 2466 lloc
586 2422 736 2468 monstrum
753 2431 855 2484 puero,
878 2422 926 2469 aut
943 2420 1053 2469 miranti
1070 2415 1120 2469 sub
1139 2424 1239 2470 aratro.

191 2563 193 2570 Α
233 2513 237 2517 ·
314 2501 395 2550 xlv.
430 2496 474 2550 49.
511 2504 564 2552 Sed
582 2505 730 2564 peccaturo
749 2499 880 2566 obstet³)
899 2504 947 2552 tibl
964 2501 1036 2552 filius
1054 2504 1154 2552 infans.

343 2587 392 2636 111.
430 2583 473 2636 lo.
509 2586 561 2636 llio
578 2588 684 2653 Andro,
702 2587 750 2638 ille
769 2591 865 2654 Samo,
883 2587 927 2637 lrlc
945 2587 1080 2638 Trallibus
1099 2590 1147 2638 aut
1165 2590 1320 2640 Alabandis.

376 2689 414 2754 lu
436 2688 505 2755 aliis
528 2690 630 2754 minus
652 2691 714 2752 iam
737 2691 860 2752 usitatis
886 2691 1023 2770 caesuris
1046 2691 1156 2753 insunt
1177 2689 1293 2752 hiatus:

361 2813 396 2862 V.
410 2809 477 2864 1⁵8.
514 2810 582 2873 Quis
599 2811 698 2863 melior
714 2811 840 2874 plorante
857 2803 942 2875 gula?
965 2823 1033 2876 ergo
1050 2809 1142 2862 omnia
1158 2806 1234 2861 fiunt.

289 2949 488 2962 m

295 3063 298 3068 ·
362 3034 397 3102 l)
419 3031 497 3091 Unus
515 3044 619 3091 tantum
635 3055 731 3092 versus
750 3044 831 3091 notus
848 3035 914 3091 mibi
932 3045 982 3102 est,
994 3033 1068 3108 Virg,
1081 3032 1194 3088 Aeneid.
1207 3031 1265 3088 XII.
1283 3033 1345 3088 684.

509 3137 591 3180 Sancta
603 3137 633 3179 ad
645 3151 685 3180 vos
698 3134 771 3178 anima
783 3143 853 3192 atque
866 3133 932 3178 istius
944 3132 1022 3176 nescia
1035 3133 1124 3190 culpae.

291 3208 337 3283 qui
355 3227 404 3284 pro
422 3207 578 3266 Heinrichio
597 3209 685 3266 lacere
703 3207 825 3276 videtum
847 3206 896 3264 sed
914 3228 948 3264 ne
967 3207 1013 3265 bic
1031 3206 1139 3283 quidem
1156 3226 1261 3262 omnem
1277 3205 1344 3262 milri

290 3295 407 3354 eximere
425 3305 519 3370 potest
537 3295 739 3366 dubitationem,
757 3297 915 3374 praesertim
934 3314 1016 3370 quum
1027 3292 1156 3369 Virgilius
1174 3295 1274 3352 maiore
1291 3291 1347 3370 ple·

290 3396 401 3452 rumque
424 3377 532 3432 licentia
555 3381 583 3433 in
606 3379 798 3458 componendis
817 3382 939 3437 versibus
962 3401 1027 3436 usus
1046 3383 1126 3436 etiam
1143 3379 1248 3454 longam
1266 3377 1347 3452 sylla-

290 3460 351 3516 bam
369 3462 497 3537 corripiat
515 3473 576 3517 ante
593 3465 727 3532 vocalem,
747 3465 779 3522 cf.
798 3467 856 3522 Ecl.
869 3465 914 3522 vl.
933 3466 976 3520 ll.

360 3547 396 3618 2)
421 3545 471 3603 Sic
486 3547 609 3604 scribunt
626 3550 663 3606 X.
682 3553 846 3623 antiquiores
865 3549 1001 3606 Achaintr.
1020 3549 1098 3618 libri,
1121 3547 1167 3605 lV.
1187 3547 1300 3625 Rupert.
1320 3557 1348 3604 et

290 3654 412 3692 meorum
434 3633 503 3691 alter
521 3633 620 3692 Zwicc.
641 3635 760 3709 (Palm.)
785 3639 838 3695 duo
856 3637 950 3694 Hamb.
970 3635 1081 3693 Chemn.
1117 3634 1174 3691 Alii
1192 3653 1285 3690 omnes
1303 3653 1347 3692 va·

214 3721 220 3737 “
290 3720 332 3778 rio
350 3720 441 3790 modo,
460 3731 547 3780 metro
564 3732 723 3791 metuentes,
742 3727 877 3800 antiquam
895 3725 1054 3802 scripturam
1071 3730 1214 3779 mutarunt.
1244 3721 1301 3778 sic.
1318 3721 1347 3774 in

290 3803 404 3864 Putean.
423 3828 474 3885 pro
493 3819 591 3886 „atquc
608 3812 659 3868 ex“
679 3812 815 3867 invenitur
833 3829 902 3878 „nec
920 3812 1003 3880 non“‚
1022 3813 1050 3866 in
1066 3808 1143 3866 aliis:
1162 3805 1346 3890 ,atqueipsis

291 3894 451 3971 „exspect.“

361 3980 397 4048 3)
419 3979 449 4034 ln
467 3979 559 4035 multis
578 3981 655 4038 codd.
675 3982 771 4056 legitur
790 3979 963 4049 ‚,obsistat“,
987 3979 1060 4056 quod
1077 3978 1149 4035 haud
1167 3975 1248 4033 dubie
1266 3977 1346 4032 metri

292 4079 372 4117 causa
395 4062 486 4119 datum
508 4073 550 4120 est
573 4087 588 4120 a
609 4066 740 4130 librariis3
764 4066 817 4118 mei
840 4083 930 4119 omnes
953 4066 1089 4134 ‚‚obstet“
1106 4073 1214 4143 praeter
1233 4063 1347 4122 Choma.

293 4145 443 4218 (obsistat)
462 4159 491 4204 et
507 4150 620 4207 alterum
638 4151 737 4208 Zwicc.
756 4147 915 4218 (obsistet).
