2948 4690
242 343 287 414 ld

242 547 351 591 omnes
380 529 414 590 in
442 527 500 589 hac
527 528 789 612 interpretatione
819 529 1059 612 acquieverunt,
1088 551 1180 612 quam
1208 530 1317 616 quod'

240 631 435 694 recentiores
457 632 549 694 etiam
564 629 637 696 ICti
659 633 692 694 in
714 627 847 714 laqueos
869 629 943 693 illos
966 629 1153 710 inciderunt,
1177 636 1295 719 quippe

241 732 394 818 aquibus
417 735 486 797 iure
509 733 672 818 postulare
688 755 846 818 queamus,
868 743 903 797 ut
919 735 1027 812 sciant,
1051 733 1190 813 feminas,
1214 758 1294 820 quae

240 857 308 902 non
330 836 498 899 habuerint
520 838 568 900 ius
592 859 650 921 per
672 836 877 900 hereditatem
901 836 1106 915 succedendi,
1137 840 1229 900 etiam
1251 836 1295 901 le-

241 947 314 1026 gata
338 960 452 1023 capere
474 942 587 1002 vetitas
611 938 722 1018 fuisse3
746 948 856 1023 aperte
879 942 961 1002 enim
985 938 1086 1004 Gaius
1102 939 1140 1002 11.
1163 940 1294 1024 §›286.:

241 1039 413 1121 „Caelibes
436 1045 602 1125 quoque,“
623 1043 738 1125 inquit,
765 1090 780 1117 „
789 1043 842 1124 qui
865 1062 924 1126 per
945 1039 1050 1128 legem
1073 1041 1184 1105 Iuliam
1206 1043 1296 1114 here-

241 1145 377 1223 „ditates
391 1142 560 1230 legataque
575 1165 689 1230 capere
704 1142 922 1229 prohibentur,
945 1142 1020 1207 olim
1036 1142 1114 1207 fidei
1130 1147 1294 1208 commissa

241 1247 455 1326 „videbantur
476 1267 591 1332 capere
613 1267 718 1332 posse.
753 1246 831 1310 Item
856 1245 934 1325 orbi,
957 1249 1010 1332 qui
1032 1267 1090 1331 per
1112 1246 1217 1333 legem
1239 1248 1297 1310 Pa-

240 1354 345 1437 „piam
362 1351 404 1414 ob
421 1349 462 1428 id,
485 1348 573 1433 quod
588 1348 709 1414 liberos
723 1369 791 1412 non
806 1348 933 1426 habent,
956 1348 1098 1412 dimidias
1119 1359 1225 1433 partes
1243 1351 1297 1413 he-

241 1453 432 1532 „reditatum
444 1452 686 1538 legatorumque
698 1450 844 1534 perdunt,
856 1449 932 1514 olim
942 1449 1019 1514 fidei
1032 1454 1198 1515 commissa
1210 1451 1296 1515 vide-

153 1545 159 1556 *
241 1555 380 1636 „bantur
402 1575 517 1639 capere
540 1574 645 1638 posse.
691 1553 756 1617 Sed
780 1563 893 1637 postea
915 1562 1043 1618 senatus
1066 1553 1215 1618 consulto
1237 1555 1295 1618 Pe-

239 1662 394 1747 „gasiano
417 1655 549 1743 perinde
571 1655 650 1720 fidei
673 1658 807 1720 comissa
830 1677 957 1742 quoque
980 1679 1017 1721 ae
1038 1656 1145 1745 legata
1172 1657 1296 1721 heredi-

240 1772 408 1847 „tatesque
430 1783 543 1846 capere
566 1782 662 1847 posse
685 1760 836 1845 prohibiti
859 1765 960 1824 sunt.“
1004 1760 1087 1825 Illud
1110 1770 1214 1825 autem
1236 1762 1295 1825 Pe·

241 1869 405 1954 gasianum
426 1875 554 1930 senatus
579 1861 758 1928 consultum
782 1863 898 1928 factum
921 1875 970 1929 est
985 1866 1175 1950 Vespasiani
1188 1866 1213 1944 ¹)
1237 1865 1296 1928 lm-

241 1973 398 2054 peratoris
420 1968 631 2054 temporibus,
654 1971 707 2052 qui
730 1967 868 2030 decessit
890 1989 975 2032 anno
999 1969 1064 2033 832
1087 1971 1137 2053 (p.
1162 1965 1237 2031 Chr.
1261 1989 1292 2030 n.

242 2075 328 2153 79.);
358 2073 440 2136 hauc
461 2091 539 2135 vero
569 2072 696 2133 satiram
724 2073 871 2155 scriptam
899 2089 967 2133 esse
995 2078 1070 2155 post
1092 2089 1207 2132 annum
1230 2071 1296 2134 853

138 2206 142 2220 r
242 2177 328 2256 (100
350 2199 381 2261 p.
405 2174 503 2255 Chr.)
526 2195 620 2259 quum
644 2195 682 2238 ex
704 2172 774 2238 aliis
797 2180 936 2249 constat,
965 2182 1031 2238 tom
1055 2193 1072 2236 e
1094 2192 1189 2236 versu
1214 2173 1271 2237 49:

345 2299 416 2348 Exul
434 2299 467 2348 ab
486 2300 587 2349 octava
603 2295 707 2348 Marius
726 2295 792 2348 bibit
810 2299 839 2346 et
855 2293 968 2360 fruitur,
988 2293 1029 2346 dis

316 2404 318 2410 ·
347 2383 444 2447 iratis,
465 2387 495 2433 at
512 2386 543 2433 tu
559 2383 659 2433 victrix
676 2381 817 2445 provincia
834 2382 937 2442 ploras.

178 2497 182 2503 ·
243 2482 294 2544 Eo
323 2481 406 2546 enim
435 2499 520 2542 anno
549 2477 795 2563 repetundarum
824 2490 988 2540 accusatus
1015 2479 1135 2542 Marius
1161 2480 1296 2556 Priscus,

243 2583 323 2648 urbe
346 2592 440 2667 atque
463 2579 554 2645 ltalia
575 2580 737 2668 relegatus
759 2588 808 2644 est
830 2578 929 2659 (Plin.
951 2601 1023 2665 epp.
1040 2580 1079 2643 11.
1097 2582 1146 2657 11,
1171 2583 1222 2644 12.
1238 2582 1294 2644 VI.

242 2689 331 2767 29.);
354 2689 388 2750 in
411 2684 525 2771 quibus
548 2686 751 2749 consentiunt
766 2683 975 2762 Heinrichius‚
987 2681 1165 2748 Franchius
1188 2686 1295 2763 (,‚exa-

244 2811 337 2868 „men
358 2792 500 2854 criticum
523 2789 590 2852 luv.
605 2791 679 2852 vit.“
700 2809 731 2872 p.
747 2787 800 2851 87.
822 2791 913 2871 sqq.,)
934 2796 1092 2874 repugnat
1113 2807 1195 2851 unus
1211 2789 1295 2850 We-

244 2893 309 2970 ber,
331 2893 433 2975 quiin
448 2889 708 2953 adnotationibus
722 2891 863 2950 versioni
877 2888 1036 2952 luvenalis
1054 2889 1204 2953 subiectis
1226 2911 1298 2972 per-

245 3015 351 3081 peram
382 2991 461 3057 ahos
483 3012 594 3055 versus
622 2989 692 3054 aliis
720 2991 915 3074 posteriores
945 3000 977 3053 et
999 2990 1063 3053 alio
1086 3000 1232 3075 tempore
1254 2991 1294 3054 ab

244 3102 315 3185 ipso
334 3095 441 3183 'poeta
470 3095 577 3160 denuo
605 3115 703 3180 opera
725 3113 781 3156 sua
804 3103 991 3158 recensente
1004 3091 1120 3157 addita
1143 3114 1215 3156 esse
1236 3105 1297 3158 sta-

244 3204 312 3266 tuit.
347 3201 465 3285 ltaque,
488 3222 583 3285 quum
605 3207 681 3283 post
702 3207 830 3262 senatus
854 3195 1033 3262 consultum
1047 3197 1297 3283 Pegasianum²)

246 3308 361 3389 scripta
382 3306 422 3366 sit
443 3305 522 3367 haec
543 3305 652 3378 satira,
675 3300 747 3365 luce
771 3301 883 3365 clarius
906 3310 1008 3384 patet,
1031 3299 1221 3364 scholiastae
1242 3321 1298 3364 eo-

245 3424 391 3488 rumque,
413 3406 466 3487 qui
489 3424 548 3487 pro
573 3423 612 3466 eo
637 3401 766 3478 iaciant,
796 3403 980 3484 opinionem
1004 3422 1073 3464 esse
1095 3400 1295 3464 reiciendum.

246 3508 450 3593 Inspiciamus
473 3525 558 3568 nunc
580 3506 755 3567 accuratius
777 3501 874 3589 paulo
898 3523 1031 3580 causam,
1053 3515 1146 3586 quam
1168 3501 1297 3566 addide-

246 3620 321 3675 runt
342 3610 513 3694 Rupertius
536 3616 568 3671 et
589 3607 802 3685 Achaintrius,
832 3595 977 3671 cur-iure
999 3605 1190 3690 impediatur
1209 3627 1297 3684 uxor,

247 3711 452 3778 hereditatem
467 3731 592 3797 capere,
614 3709 654 3773 de
670 3731 732 3794 qua
748 3712 783 3772 in
800 3708 923 3773 scholio
942 3709 1000 3774 illo
1020 3709 1097 3774 nihii
1115 3721 1171 3774 est.
1203 3710 1297 3786 „Pro-

248 3816 397 3896 „brosam
420 3835 489 3880 esse
510 3813 703 3892 mulierem‚“
725 3815 828 3892 aiunt,
849 3813 986 3898 „quibus
1008 3834 1123 3899 nempe
1144 3813 1298 3876 Domitia-

321 4065 345 4116 1.
370 4059 412 4116 ct.
431 4062 496 4119 inst.
514 4063 579 4120 lust.
599 4063 645 4120 lib.
659 4063 691 4120 11.
709 4064 751 4120 tit.
763 4064 805 4118 23.
824 4064 848 4133 §-
861 4067 886 4118 t.
949 4077 952 4086 ¹

319 4151 345 4201 2.
368 4145 454 4205 Cuius
471 4148 620 4227 permulta
638 4143 766 4228 deinceps
784 4147 873 4206 secula
892 4150 1036 4208 auctoritas
1052 4146 1144 4207 valuit.
1176 4157 1177 4162 ’
1245 4154 1247 4162 ’
