2980 4700
1075 279 1195 404 ⁸51

140 521 236 582 statui
258 537 354 603 posse
376 528 486 606 negat,
515 522 604 603 quia,
633 528 669 583 ut
693 513 939 580 exheredaretur
960 513 1061 595 filius,
1090 527 1196 584 certae

140 625 303 707 iustaeque
319 641 433 687 causae
455 625 489 684 in
513 629 704 684 testamento
729 618 862 681 luissent
880 616 1059 702 ponendae.
1088 619 1196 704 Quod,

140 734 175 789 ut
201 725 426 804 concedamus,
455 726 582 788 minime
612 730 726 785 eontra
756 718 1031 784 exheredationem
1061 735 1195 810 pugnat3

141 827 272 913 quidni
296 831 380 892 enim
404 847 500 890 senex
525 845 635 889 causas
665 831 856 888 testamento
884 825 1025 887 Inserere
1053 833 1196 908 poterat?

139 930 204 995 Sed
226 953 270 994 ne
294 938 342 992 est
364 927 490 1014 quidem
511 950 635 1006 verum,
665 926 753 1013 quod
775 926 909 991 vidisset
929 927 1144 1008 Heinrichius‚
1170 933 1197 993 si

137 1032 204 1120 dig.
226 1033 372 1097 XXVIII.
397 1035 442 1097 tit.
459 1036 489 1097 2.
512 1033 540 1117 §.
559 1034 576 1097 l
593 1071 633 1084 -
646 1033 687 1110 3.,
709 1053 791 1117 quae
813 1029 930 1108 laudat,
953 1033 1024 1116 ipse
1045 1033 1198 1116 inspexis-

139 1146 202 1216 set,
233 1137 288 1202 ubi
311 1146 421 1221 aperte
444 1137 562 1199 dictum
585 1145 647 1211 est,
676 1133 717 1196 ad
745 1134 1020 1200 exheredationem
1046 1135 1196 1202 sulficere

140 1238 242 1302 solam
271 1237 438 1301 formulam
467 1236 576 1315 „lilius
604 1257 692 1298 meus
722 1235 851 1308 exheres
880 1241 975 1314 esto“,
1003 1260 1045 1302 ne
1067 1243 1197 1306 nomine

142 1339 268 1424 quidem
284 1339 343 1403 filii
359 1343 516 1426 apposito.
545 1339 683 1405 Constat
697 1348 810 1417 autem,
826 1339 859 1401 ni
874 1337 978 1416 fallor,
992 1342 1075 1404 inter
1090 1341 1195 1420 lCtos‚

141 1463 208 1506 eam
232 1465 395 1507 causarum
417 1444 641 1529 probationem
664 1464 682 1506 a
706 1443 882 1507 Iustiniano
905 1440 1032 1506 demum
1055 1465 1125 1509 esse
1150 1446 1196 1510 iu-

138 1546 323 1611 trodnetam.

227 1649 308 1730 Sed,
337 1653 505 1735 quominus
528 1648 570 1714 de
591 1652 819 1736 praetentione
845 1650 924 1712 haee
946 1649 1043 1714 verba
1072 1647 1195 1714 intelle*

137 1773 263 1839 gamus,
291 1753 389 1818 multa
412 1753 549 1818 obstant.
595 1755 731 1818 Primum
757 1754 854 1829 enim,
886 1755 912 1815 si
936 1755 1099 1837 praeteriti
1121 1763 1195 1817 sunt

137 1865 329 1921 testamento
360 1860 408 1920 sui
436 1855 587 1931 heredes,
616 1863 837 1917 testamentum
859 1853 980 1918 nullum
1003 1863 1052 1918 est
1073 1853 1127 1918 vel
1149 1856 1195 1917 in-

138 1957 233 2037 utile,
256 1981 376 2045 neque,
400 1955 663 2044 quemadmodum
687 1958 792 2021 omnia
815 1955 900 2020 bona
925 1955 965 2020 ad
988 1955 1119 2021 Phialen
1141 1979 1195 2021 ve-

135 2064 206 2126 nire
225 2067 358 2148 possInt,
380 2066 571 2149 perspicitur
588 2061 648 2144 (cf.
665 2059 728 2126 Gai
743 2061 782 2124 lI.
801 2061 910 2137 123.);
932 2063 1095 2146 praeteriti
1111 2065 1194 2126 enlm

135 2168 241 2229 statIm
265 2175 377 2230 contra
399 2166 523 2230 tabulas
548 2187 565 2226 a
592 2173 741 2246 praetore
769 2163 932 2243 bonorum
958 2166 1194 2247 possessionem

137 2271 300 2352 accipiunt
322 2267 381 2346 (cI.
406 2265 477 2328 Gai.
495 2265 534 2327 II.
560 2265 632 2336 125,
657 2265 730 2327 135.
739 2267 761 2342 ).
795 2265 913 2347 Itaque,
937 2285 992 2326 eur
1014 2283 1127 2326 saevus
1151 2263 1196 2329 dl-

138 2379 230 2432 catur
254 2368 368 2444 codex,
397 2366 485 2433 nulla
508 2379 557 2432 est
580 2387 682 2430 carisa.
727 2363 856 2430 Deinde
878 2366 977 2431 verba
997 2388 1118 2446 „saevo
1142 2391 1195 2434 co-

135 2470 234 2559 „dice
263 2471 396 2536 heredes
419 2481 506 2536 vetat
529 2491 597 2535 esse
620 2475 721 2535 suos“
743 2470 814 2537 luoe
837 2469 950 2538 clarius
973 2470 1014 2537 ad
1035 2471 1122 2536 illam
1145 2495 1195 2539 ex·

134 2574 312 2639 heredandi
335 2575 500 2640 formulam
524 2585 682 2661 spectant:
704 2575 811 2654 „filius
834 2598 922 2642 meus
946 2576 1076 2641 exheres
1100 2582 1194 2654 esto“,

134 2698 242 2762 neque
258 2677 326 2770 ullo
342 2679 440 2746 modo
459 2689 601 2756 testator,
625 2683 678 2762 qui
701 2681 866 2743 oblivione
888 2683 1001 2742 transit
1021 2676 1109 2738 filios
1132 2676 1195 2740 diei

129 2787 245 2866 ‘potest
266 2791 394 2856 „vetare
415 2781 502 2844 filios
525 2799 601 2842 suos
621 2779 756 2841 heredes
777 2784 878 2841 esse“.
913 2777 1007 2860 Quae
1023 2779 1128 2839 omnia
1143 2799 1194 2843 me

136 2892 350 2962 commovent,
366 2891 401 2948 ut
415 2883 515 2948 solam
531 2882 594 2946 hoe
608 2881 683 2945 loco
696 2881 973 2948 exheredationem
989 2883 1085 2946 statui
1098 2903 1194 2968 posse

135 2998 262 3073 putem,
291 3007 395 3074 neque
418 2999 529 3053 contra
553 2989 741 3051 certissimas
766 2987 822 3050 has
844 2990 987 3052 rationes
1008 2984 1105 3050 ullius
1126 3007 1194 3049 mo-

134 3091 238 3152 menti
253 3109 323 3151 esse
338 3100 454 3172 potest,
476 3088 563 3172 quod
578 3088 779 3150 Heinriehius
794 3091 827 3148 in
843 3087 1091 3150 exheredatione
1107 3085 1195 3148 bona
1296 3105 1302 3114 ·

136 3188 179 3251 ad
194 3189 326 3250 Phialen
341 3191 452 3250 venire
469 3189 614 3270 potuisse
632 3196 735 3270 negat,
759 3189 832 3269 quia
854 3206 994 3269 persona
1015 3186 1111 3248 fuerit
1132 3195 1195 3266 tur·

135 3293 198 3376 pis.
233 3287 321 3372 Quid
337 3290 439 3353 enirn?
454 3307 570 3350 noune
585 3285 670 3350 idem
685 3291 718 3351 in
733 3289 960 3372 praeteritIone
978 3285 1123 3350 accidere
1140 3307 1194 3351 ne-

137 3415 229 3459 eesse
251 3393 330 3458 fuit?
374 3393 467 3456 Patet
488 3392 598 3479 igitur,
628 3401 682 3454 aut
703 3387 835 3454 Phialen
858 3411 925 3455 non
948 3389 1046 3456 fuisse
1067 3389 1193 3478 legibus

135 3509 268 3584 turpem,
292 3507 348 3563 aut
368 3496 549 3562 Iuvenalem
572 3493 606 3559 id
629 3515 695 3558 non
716 3515 851 3558 curasse.
885 3495 950 3558 lam
971 3494 1005 3559 id
1025 3517 1125 3561 ,unum
1146 3514 1195 3556 re-

136 3609 209 3678 stat,
230 3609 266 3664 ut
282 3599 503 3680 demonstrem,
525 3620 567 3664 ne
582 3599 808 3664 sententiarum
824 3598 951 3684 quidem
968 3599 1062 3662 nexui
1078 3596 1194 3661 obesse

137 3702 612 3790 exheredationem;‘postquam
629 3705 712 3767 enim
722 3704 756 3765 in
768 3699 986 3788 superioribus
996 3709 1094 3785 poeta
1105 3699 1194 3764 loeu-

136 3819 188 3873 tus
201 3817 250 3872 est
263 3806 304 3873 de
321 3810 465 3894 eorporis
480 3806 588 3872 senIIIs
603 3807 793 3886 Infirmitate,
808 3809 869 3871 iam
885 3807 1002 3890 pergit:
1017 3802 1093 3884 „aed
1109 3807 1195 3869 omni
1217 3835 1220 3839 ¹

212 4053 244 4119 I)
269 4051 311 4106 cf.
332 4049 389 4104 Gai.
410 4049 442 4104 11.
462 4051 522 4105 127.

209 4135 244 4204 2)
267 4134 308 4191 Cf.
329 4134 400 4191 auth.
420 4134 482 4191 eoll.
501 4156 562 4193 nov.
584 4139 634 4192 ll5
662 4159 683 4194 e.
703 4145 728 4194 3.
