2980 4700
288 347 340 422 36

290 555 388 620 „quae
412 555 429 596 a
452 542 483 597 te
506 529 657 618 ponenda
681 535 779 609 sunt,“
803 540 857 594 aut
879 527 1069 616 generalem,
1090 549 1190 612 „quae
1214 532 1343 596 omnino

290 639 386 724 „poni
415 635 561 700 debent.“
600 635 693 718 Quae
722 655 817 720 quum
845 632 1039 697 intellexisse
1060 631 1207 696 videatur
1229 635 1345 698 Heine-

291 741 393 816 clius,
419 761 535 803 novam
560 741 752 825 excogitavit
772 739 1066 822 interpretationem
1088 745 1150 798 tam
1175 734 1275 822 longe
1298 757 1346 800 ar-

291 847 434 908 cessitam
450 853 577 928 tamque
593 847 683 906 anxie
700 843 879 925 quaesitam,
902 849 936 904 ut
951 841 1097 915 nesciam,
1120 838 1160 901 an
1182 837 1249 902 non
1267 839 1344 903 mul-

291 951 331 1010 tis
347 968 423 1010 eam
445 967 653 1030 persuasurus
667 948 725 1006 sit.
760 945 854 1006 Putat
876 947 958 1008 enim
982 939 1199 1026 explicandum
1220 963 1288 1006 esse
1304 940 1344 1006 de

290 1053 452 1134 praemiis,
483 1069 564 1130 quae
581 1067 719 1132 ,magnus
743 1049 859 1108 amicus
884 1049 1014 1109 conscio
1039 1045 1106 1122 det,
1136 1055 1172 1108 ut
1197 1043 1253 1108 ille
1275 1044 1344 1108 aliis

292 1173 327 1214 ea
350 1158 514 1234 proponat
537 1148 577 1212 ad
599 1146 703 1212 scelus
726 1147 857 1234 aliquod
878 1148 1118 1234 perficiendum.
1163 1149 1237 1226 Iam,
1260 1147 1347 1232 quod

291 1251 471 1315 absolutam
494 1254 588 1315 omni·
603 1253 736 1315 numero
761 1252 879 1315 efficiat
902 1256 1103 1332 sententiam,
1126 1273 1220 1338 quum
1242 1273 1345 1336 neque

290 1355 430 1432 babeam,
453 1376 558 1439 neque
580 1357 614 1418 in
630 1341 743 1434 verbis
767 1355 929 1441 quomodo
952 1377 1038 1418 nunc
1059 1357 1214 1442 legantur,
1238 1359 1346 1419 inven-

291 1468 356 1523 tum
378 1461 417 1521 iri
441 1458 608 1534 confidam,
634 1458 844 1544 corruptelam
868 1459 998 1522 subesse
1021 1459 1164 1536 arbitror,
1193 1460 1281 1520 cuius
1304 1479 1346 1520 ne

292 1561 546 1626 emendationem
560 1561 685 1646 quidem
702 1565 777 1626 satis
789 1571 904 1625 certam
916 1582 1045 1645 possum
1057 1560 1212 1645 proferre.
1243 1561 1346 1624 Etiam

291 1664 377 1748 quod
401 1668 589 1729 sententiam
611 1666 781 1750 praeberet
802 1669 965 1750 optimam:

397 1781 432 1828 ot
450 1791 545 1828 somno
564 1791 661 1830 carens
680 1781 916 1842 condendaeque
934 1778 1173 1842 praemissurum.

290 1870 466 1952 „praemia,
494 1891 577 1954 quae
605 1873 736 1956 insuper
765 1867 897 1932 celanda
924 1878 997 1932 sunt
1019 1871 1138 1954 quippe
1160 1864 1250 1930 malis
1273 1869 1346 1930 arti-

289 1969 373 2046 „bus
396 1979 539 2052 parata,“
559 1973 689 2056 longius
719 1996 736 2034 a
760 1972 1031 2036 verisimilitudine
1061 1970 1224 2048 abhorret,
1253 1993 1346 2056 quam

289 2079 338 2146 ut,
367 2071 450 2132 hanc
469 2075 646 2155 primariam
670 2073 767 2133 luisse
790 2074 989 2156 scripturam,
1018 2092 1078 2154 pro
1102 2081 1189 2136 certo
1212 2073 1347 2139 audeam

291 2171 489 2245 confirmare.
536 2168 909 2260 Quapropterexposita'
932 2172 1119 2238 difficultate
1142 2179 1345 2260 acquiescam,

291 2273 519 2360 expediendam
541 2274 610 2339 aliis
633 2277 788 2362 relinquo.
824 2277 858 2340 Si
881 2288 985 2340 autem
1007 2279 1131 2364 integra
1153 2288 1229 2342 sunt
1249 2278 1345 2344 libro-

289 2399 359 2442 rum
381 2399 452 2441 mss.
476 2379 589 2458 verba,
614 2379 811 2456 Iuvenalem,
840 2389 970 2465 accepta
992 2378 1048 2444 illa
1070 2380 1281 2466 explicatione
1304 2383 1344 2448 de

289 2479 384 2542 bonis
407 2490 510 2544 morte
533 2482 749 2567 deponendis,
778 2504 839 2547 nec
862 2482 1027 2570 eleganter
1048 2505 1110 2548 nec
1131 2496 1276 2551 accurate
1297 2487 1344 2550 lo-

291 2592 395 2646 cutum
420 2604 489 2646 esse
513 2585 713 2650 statuendum
738 2589 803 2650 erit.

719 2800 917 2808 ”W

585 3045 588 3051 ⁴
661 3091 875 3167 sarran
905 3091 970 3166 iv.

378 3276 566 3361 perstringit
581 3282 677 3358 poeta
689 3275 721 3334 in
734 3271 793 3336 hac
804 3273 899 3334 satira
911 3269 1094 3356 Crispinum
1107 3271 1234 3338 divitem
1247 3295 1343 3357 quen-

290 3376 361 3438 dam
384 3375 563 3438 libertinum
588 3379 718 3459 eiusque
742 3377 880 3448 asotiam,
904 3376 957 3456 qui
978 3373 1108 3436 mullum
1123 3396 1177 3436 sex
1193 3374 1342 3438 librarum

265 3553 268 3560 Ι
289 3473 422 3538 totidem
439 3479 548 3538 emerit
563 3475 688 3538 milibus
704 3479 888 3550 sestertium,
911 3493 986 3549 non,
1010 3472 1096 3557 quod
1119 3474 1249 3540 credere
1271 3499 1342 3563 pos-

289 3581 338 3656 sis
362 3575 443 3642 orbo
466 3580 535 3641 seni
559 3577 646 3640 dono
671 3599 742 3642 eum
765 3578 894 3641 daturus
916 3597 1092 3662 magnaeve
1115 3581 1241 3657 amicae,

393 3711 438 3762 Nil
457 3713 513 3762 talc
531 3711 689 3772 exspectem
709 3711 774 3762 emit
791 3709 851 3762 sibi.
887 3711 976 3760 Multa
993 3710 1124 3781 videmus,

395 3797 470 3856 Quae
489 3799 571 3850 miser
588 3799 617 3847 et
633 3796 706 3860 frugi
724 3809 778 3846 non
796 3796 864 3847 fecit
879 3795 999 3858 Apicius.
1035 3800 1095 3848 Hoc
1114 3801 1144 3848 tu

324 3947 326 3952 Ι
395 3882 557 3933 Succinctus
576 3881 665 3945 patria
683 3885 829 3950 quondam,
849 3882 987 3950 crispine,
1006 3898 1121 3947 papyro.

262 4023 268 4037 ,
305 3961 360 4030 25)
395 3969 455 4016 Hoc
473 3968 589 4031 pretium
607 3963 755 4031 squamae?
790 3969 883 4020 Potuit
899 3971 1018 4020 fortasse
1036 3969 1147 4021 minoris

392 4050 531 4120 Piscator,
550 4065 629 4117 quam
646 4053 744 4120 piscis,
764 4054 824 4105 erni.
860 4055 1004 4105 Provincia
1022 4055 1090 4106 tanti

394 4134 494 4184 Vendit
510 4149 609 4218 agros:
632 4141 680 4188 sed
699 4140 817 4192 maiores
834 4141 951 4203 Appulia
968 4139 1069 4191 vendit.
