2980 4700
222 537 244 586 l.
263 533 322 586 151.
357 535 498 600 Ingenium
517 549 566 598 pur
584 529 739 587 materiae?
757 529 783 596 ¹)
802 535 873 582 unde
890 535 940 586 illa
957 536 1075 598 priorum

207 622 242 671 ll.
278 618 321 671 26.
359 621 388 670 si
405 622 450 671 fur
468 620 610 682 displiceat
627 619 726 686 Verri,
744 617 879 667 homicida
895 620 1000 671 Miloni.

181 707 243 757 llll.
278 704 322 756 36.
360 705 504 757 Τεείίουίἰε
530 708 598 756 adeo
616 705 780 754 medicatum
797 703 933 769 intellegit
950 705 1060 770 inguen.

132 829 200 892 Iam
223 847 310 905 vero,
334 846 429 910 quum
453 821 493 886 de
516 826 684 909 tuiipsius
707 821 867 888 luvenalis
889 824 1033 888 versibus
1055 825 1195 892 iudicare

135 931 232 996 nobis
248 929 352 1006 liceat,
374 945 434 1011 pro
458 936 547 990 certo
571 935 709 992 statuere
732 947 909 1012 possumus,
931 925 1114 992 Iuvenalem
1129 949 1195 992 non

132 1054 209 1099 raro
235 1030 359 1116 quidem
382 1032 415 1093 in
437 1051 568 1095 caesura
591 1029 753 1094 admisisse
776 1031 909 1108 hiatum,
938 1032 982 1094 ita
1010 1039 1132 1108 tamen,
1163 1040 1198 1096 ut

134 1157 263 1221 semper
288 1132 484 1220 praecedens
507 1133 633 1217 syllaba
656 1132 756 1219 longa
778 1137 846 1198 sit.'
873 1133 966 1218 Quae
998 1132 1141 1219 exempla
1170 1137 1198 1197 si

137 1241 314 1302 accuratius
343 1235 566 1320 perlustrasset
586 1235 802 1312 Heinrichius,
829 1236 916 1298 baud
938 1236 1034 1301 dubie
1056 1237 1196 1316 vidisset,
1289 1317 1292 1322 ⁴

139 1350 196 1405 aut
218 1336 428 1425 corruptelam
452 1345 506 1402 aut
528 1339 622 1400 unius
638 1335 782 1420 syllabae
797 1335 942 1400 lacunam
958 1337 1110 1403 hocloco
1126 1339 1197 1404 sub·
1258 1329 1260 1338 ’

138 1464 222 1522 esse,
250 1452 286 1506 ut
306 1441 455 1506 viderunt
476 1439 757 1506 Seburziieiscbius
788 1449 820 1504 et
841 1441 1029 1526 RupertiuS,
1060 1461 1195 1526 quorum

136 1556 242 1611 tamen
265 1549 481 1610 coniecturae:

241 1663 317 1726 Ergo
334 1672 506 1722 supervacua
523 1662 579 1710 aut
597 1663 630 1710 et
648 1657 804 1722 perniciosa
821 1662 958 1722 petuntur.

137 1762 181 1816 ei:

243 1868 317 1930 lingo
334 1878 507 1930 supervacua
524 1867 605 1913 haec
625 1869 673 1912 aut
691 1863 847 1926 perniciosa
864 1867 1003 1925 petuntur.

137 1979 250 2042 quum,
283 1953 446 2040 quomodo
477 1975 515 2016 ex
543 1953 592 2015 bis
613 1954 724 2016 vitium
746 1954 887 2038 potuerit
909 1954 1010 2030 nasci,
1036 1972 1105 2016 non
1127 1974 1198 2038 per-

136 2063 303 2146 spiciatur,
326 2057 404 2123 nibil
423 2057 557 2136 habent,
580 2055 667 2141 qnod
689 2054 784 2120 valde
806 2055 900 2120 nobis
924 2055 1069 2120 arrideat.
1116 2056 1197 2122 Scri-

134 2162 276 2230 bendum
301 2172 362 2241 est,
384 2165 418 2226 ni
442 2164 548 2225 omnia
570 2183 620 2224 me
643 2158 770 2224 fallunt:

244 2293 319 2354 Ergo
337 2301 508 2352 supervacua
526 2289 584 2337 aut
603 2288 658 2335 vel
675 2286 831 2347 perniciosa
848 2289 985 2346 petuntur.

137 2400 197 2470 ita,
226 2380 262 2456 ut
290 2393 389 2472 ,‚vel“
411 2415 481 2458 cum
509 2394 691 2479 perniciosa
719 2393 931 2477 coniungatur
955 2393 1085 2477 eiusque
1107 2397 1196 2460 vocis

139 2496 406 2585 significationem
427 2497 582 2576 intendat,
608 2498 697 2582 quasi
719 2494 838 2560 dictum
862 2506 953 2576 esset,
976 2517 1196 2584 „supervacua

136 2609 218 2681 „aut
239 2599 321 2666 adeo
344 2605 469 2683 (immo,
491 2604 605 2682 etiam)
628 2603 837 2686 perniciosa.“
868 2599 969 2684 Quod
991 2605 1018 2665 si
1040 2605 1199 2685 receperi-

137 2726 214 2784 mus,
237 2726 304 2769 non
327 2705 425 2770 modo
448 2710 639 2790 aptissimam
662 2705 814 2766 babemus
834 2704 1065 2786 gradationem,
1086 2723 1196 2764 verum
1303 2788 1307 2798 Ι

75 2871 78 2878 ,
138 2811 233 2872 etiam
255 2806 404 2870 facillime
426 2807 632 2892 intellegitur,
655 2825 711 2864 cur
734 2803 899 2864 omiserint
920 2801 1040 2864 librarii
1062 2804 1198 2886 particu-

137 2909 201 2973 lam
224 2907 325 2987 ‚,vel“,
346 2911 491 2972 nimirum
508 2910 582 2994 quia
599 2903 731 2970 eandem
747 2905 874 2988 utrique
890 2907 964 2969 voci
985 2905 1116 2971 subesse
1138 2929 1197 2992 pu·

138 3011 251 3078 tabant
274 3011 548 3100 significationem.
584 3010 717 3076 Accedit
740 3006 827 3095 quod
849 3010 883 3072 in
905 3008 1033 3073 duobus
1055 3029 1199 3072 meorum

139 3115 295 3178 librorum
316 3116 433 3204 Miggr.
463 3127 496 3179 et
516 3114 632 3178 Dresd.
659 3132 720 3194 pro
746 3107 902 3193 particula
924 3116 1025 3186 „aut“
1047 3110 1199 3187 scriptum

141 3225 191 3278 est
205 3215 306 3292 „vel“,
329 3216 514 3298 quibuscum
536 3212 622 3276 baud
643 3210 740 3272 dubie
761 3207 871 3292 plnres
894 3211 1130 3270 consentientes
1152 3211 1199 3297 in·

141 3319 336 3395 veniremus,
359 3319 386 3380 si
410 3313 594 3402 diligentius
618 3310 768 3376 collocati
792 3317 899 3372 essent
923 3307 1058 3374 codices.

569 3559 769 3572 .-..----ι-

231 3733 297 3796 Iam
325 3731 449 3818 singula
479 3732 641 3795 bominum
663 3737 738 3791 vota
768 3732 944 3794 accuratius
971 3725 1069 3811 paulo
1095 3724 1203 3791 adum-

143 3835 254 3915 brans,
286 3837 414 3922 egregie
442 3853 567 3898 omnem
592 3837 684 3896 istam
708 3834 896 3918 perstringit
917 3833 1092 3908 vesaniam,
1121 3829 1202 3894 alios

144 3936 293 4022 gloriam,
321 3938 403 4004 alios
425 3936 552 4002 divitias
576 3929 818 4021 concupiscere,
847 3935 989 4018 quamvis
1012 3935 1075 3998 sint
1098 3937 1202 4018 perni-

218 4158 252 4226 1)
274 4156 404 4214 Nonnulli
422 4157 486 4214 libri
503 4158 582 4214 metri
600 4177 679 4214 eausa
698 4153 821 4232 copulam
839 4154 942 4213 addunt
960 4157 1057 4226 „aut“:
1078 4196 1081 4204 ·

945 4247 966 4308 4
