2980 4700
233 480 236 484 .
260 513 295 564 ut
314 525 373 564 oum
391 511 540 577 remigibus
558 510 685 574 grunisse
704 511 841 570 Elpenora
857 508 959 570 porcis.

260 600 325 650 Tam
344 600 424 650 vacui
443 597 541 660 capitis
559 597 687 658 populum
704 594 829 644 Phaeaca
847 587 970 655 putavit?

242 718 376 802 Quibus,
400 726 567 798 antequam
591 712 721 777 adortus
746 722 795 775 est
815 721 910 796 caput
931 711 1015 775 illius
1033 715 1207 776 narratiun-

152 820 252 896 culae,
279 819 312 882 id
335 818 439 881 voluit
460 825 566 902 poeta,
589 824 625 879 ut
647 815 886 891 demonstraret,
909 813 1021 876 similia
1043 817 1103 877 iam
1127 817 1207 878 anti-

152 927 221 1007 quis
250 907 448 1007 temporibus
477 921 647 983 memoriae
674 939 744 982 esse
769 916 899 996 tradita,
928 917 1080 1003 pleraque
1101 925 1207 980 tamen

152 1025 226 1088 licta
251 1024 369 1092 et,fide
392 1042 459 1088 nou
483 1021 587 1110 digua.
634 1021 700 1086 Sed
722 1043 876 1107 quaenam
900 1032 975 1086 sunt
999 1023 1080 1085 istae
1103 1019 1207 1084 amba·

153 1151 211 1216 ges
234 1127 274 1192 ad
297 1127 554 1212 simplicissimam
577 1147 642 1187 rem
666 1125 901 1202 declarandam,
923 1147 990 1190 non
1012 1128 1115 1189 minus
1137 1122 1207 1189 lon-

154 1251 216 1316 gae
239 1253 329 1314 quam
352 1232 478 1293 ieiunae
502 1238 533 1290 et
555 1224 680 1289 aridae?
703 1226 789 1310 quod
813 1231 948 1291 sensisse
970 1227 1206 1311 quodammodo

155 1332 281 1397 videtur
303 1336 372 1418 ipse
394 1333 544 1416 scriptor,
574 1350 668 1415 quum
690 1328 823 1393 ridicule
846 1329 952 1392 addat:

261 1463 308 1513 Sic
326 1461 424 1525 aliquis
442 1460 539 1510 merito
558 1459 675 1510 nondum
694 1461 785 1511 ebrius
804 1464 828 1510 et
849 1459 985 1511 minimum
1004 1461 1049 1525 qui

171 1543 225 1612 25)
260 1550 301 1598 De
320 1547 478 1610 Corcyraea
496 1549 624 1597 temetum
643 1548 756 1597 duxerat
773 1559 856 1597 urna:

261 1636 342 1685 Solus
362 1633 434 1683 enim
451 1635 503 1683 noc
520 1635 630 1683 Ithacus
649 1634 724 1684 nullo
742 1634 792 1684 sub
811 1637 883 1685 teste
901 1636 1026 1686 canebat.

155 1739 247 1804 Talia
266 1749 370 1804 autem
387 1760 454 1804 non
469 1760 583 1825 sapere
598 1738 789 1818 Iuvenalem,
813 1743 864 1806 vir
887 1743 952 1820 erit,
973 1744 1061 1826 quin,
1083 1743 1110 1806 si
1131 1762 1207 1826 pau·

153 1842 251 1906 lulum
281 1843 379 1906 modo
403 1851 545 1905 versatus
569 1853 617 1904 est
638 1844 671 1904 in
694 1843 756 1905 hoc
781 1853 894 1926 poeta,
921 1843 1098 1930 intellegat
1144 1842 1207 1908 Ce-

153 1958 253 2010 terum
278 1967 319 2009 ue
339 1950 372 2010 iu
387 1946 435 2008 his
451 1943 577 2030 quidem
592 1947 686 2032 nugis
702 1957 866 2010 accuratus
883 1955 932 2011 est
945 1950 1090 2032 scriptor,
1111 1969 1207 2032 quum

152 2070 221 2113 non
243 2063 330 2114 recte
352 2050 438 2114 illius
460 2047 589 2114 fabulae
612 2049 698 2134 apud
720 2051 892 2114 Homerum
908 2051 940 2132 ¹)
962 2053 1141 2123 meminisse
1161 2039 1207 2114 ri-

152 2151 274 2216 deatur.
319 2154 444 2216 Etenim
472 2153 539 2216 illic
566 2174 632 2216 non
662 2175 724 2216 una
753 2175 823 2218 cum
851 2156 964 2216 ceteris
986 2155 1088 2219 Ulixis
1111 2159 1207 2218 sociis

153 2255 298 2340 Elpenor
325 2264 462 2319 mutatur
490 2257 523 2318 in
552 2275 655 2332 suem,
683 2255 740 2319 sed
769 2259 802 2318 in
825 2255 937 2320 Circes
967 2255 1092 2322 aedium
1120 2267 1205 2322 tecto

154 2381 248 2442 quum
273 2357 502 2437 obdormisset,
530 2357 606 2421 iude
628 2357 736 2444 lapsus
758 2362 901 2424 moritur.

241 2463 319 2527 Non
342 2461 435 2526 aliter
456 2483 527 2528 sese
549 2462 645 2527 habet
667 2484 718 2526 res
740 2465 774 2526 in
796 2463 896 2528 altera
920 2463 1134 2553 digressione:

552 2619 627 2682 Ergo
646 2617 737 2668 acrior
754 2618 886 2684 impetus,
905 2622 933 2670 et
951 2619 1005 2672 iam

259 2706 330 2752 Saxa
350 2701 489 2751 inclinatis
508 2705 680 2764 perusinum
700 2703 824 2764 quaesita
841 2703 953 2752 lacertis

257 2785 393 2847 Incipiunt
411 2789 548 2850 torquere,
567 2786 716 2836 domestica
733 2786 862 2836 seditioni

166 2865 222 2934 65)
257 2872 341 2934 Tela3
359 2883 412 2922 nee
429 2873 500 2922 iumc
518 2871 649 2938 lapidem,
669 2873 764 2936 quales
782 2875 810 2922 et
828 2873 936 2924 Turnus
954 2875 984 2924 et
1000 2872 1081 2942 aiax,

257 2959 310 3008 Vel
329 2970 381 3021 quo
399 2957 519 3020 Tydides
536 2958 673 3020 percussit
689 2961 810 3022 pondere
829 2972 924 3010 coxam
963 2991 967 2998 ·

258 3047 368 3093 Aeneae
373 3059 383 3106 3
407 3046 455 3094 sed
474 3057 552 3106 quem
570 3042 681 3093 valeant
700 3044 824 3092 emittere
842 3046 955 3093 dextrae

258 3127 317 3190 lllis
336 3127 480 3175 dissimiles
499 3130 526 3174 et
544 3131 639 3176 nostro
658 3130 780 3188 tempore
798 3127 888 3176 natae.

256 3209 324 3258 Nam
343 3221 431 3272 genus
449 3211 501 3258 hoc
518 3209 581 3259 vivo
599 3211 654 3260 iarn
672 3211 850 3260 decrescebat
867 3211 999 3273 Homer03

170 3286 223 3355 70)
259 3295 346 3344 Terre
363 3295 451 3344 malos
468 3294 591 3344 homiues
608 3307 681 3345 nuuc
700 3297 798 3345 educat
816 3299 897 3358 atque
915 3296 1043 3360 pusillam

256 3382 331 3444 Ergo
350 3383 426 3447 deus,
446 3381 605 3445 quicumque
623 3381 738 3445 aspexit,
756 3380 827 3433 ridet
845 3387 874 3434 et
891 3382 956 3434 odit.

255 3469 280 3515 A
298 3467 458 3518 diverticulo
477 3471 618 3530 repetatur
635 3468 735 3518 fabula.

149 3601 193 3664 Et
208 3601 271 3665 hoc
286 3603 360 3669 loco
376 3603 475 3668 verba
496 3625 554 3690 per
577 3625 611 3668 se
635 3605 770 3670 fortasse
792 3605 878 3672 bona
902 3617 976 3673 sunt
1000 3617 1031 3672 et
1052 3607 1137 3674 haud
1157 3613 1204 3675 in-

148 3703 259 3784 ficeta,
288 3708 344 3771 sed
368 3711 407 3771 in
430 3709 492 3772 hoc
516 3711 668 3789 carmine,
699 3714 749 3775 cui
771 3711 859 3776 nulla
882 3734 943 3777 uec
964 3715 1062 3792 inest,
1090 3735 1204 3801 neque,

148 3821 367 3895 argumentum
391 3815 417 3874 si
441 3811 632 3892 consideres,
660 3818 764 3880 inesse
787 3826 896 3900 potest
918 3817 1080 3896 festivitas,
1105 3818 1204 3885 molc-

148 3922 197 3976 sta
228 3935 265 3977 ac
295 3913 467 3980 fastidiosa.
520 3915 628 4002 Quare
657 3917 744 3982 nulla
774 3917 835 3983 alia
865 3919 905 3985 de
934 3945 1027 3988 causa
1056 3921 1204 3991 videntur

146 4062 349 4074 Μ

223 4133 257 4204 l.)
287 4135 340 4192 Od.
358 4135 392 4194 X.
412 4140 472 4194 552.
491 4159 551 4216 sqq.
569 4139 616 4198 xi.
635 4143 679 4197 51.
696 4161 754 4217 sqq.
