2980 4700
266 333 314 406 64

266 518 331 583 ulla
354 538 442 595 voce,
464 515 529 581 ulia
552 521 708 583 sententia
731 527 853 582 tectave
876 520 1043 582 notatione
1065 515 1271 596 indicantur,
1286 532 1320 586 ut

264 621 337 686 talia
367 623 494 707 possint
520 624 554 684 in
580 631 717 686 mentem
743 621 836 686 nobis
860 625 982 696 venire;
1013 643 1115 706 neque
1138 625 1172 684 in
1195 643 1320 688 summo

265 727 403 788 carmine
418 721 459 788 de
482 728 633 790 universo
658 747 781 813 genere
800 726 946 803 humano,
970 723 1028 788 sed
1050 725 1090 788 de
1114 722 1239 789 duobus
1263 747 1322 810 po-

264 831 416 894 tissimum
426 828 626 894 Ombitarum
639 839 670 894 et
683 827 1061 914 Tentyritarumpopulis
1074 827 1195 892 dicitur.
1219 827 1320 912 Quod

265 941 369 998 autem
393 931 568 996 Franckius
596 933 734 1016 profert,
765 913 971 996 Horatianam
1000 930 1127 1016 quidem
1155 951 1222 994 non
1251 951 1319 994 esse

266 1036 348 1098 hanc
369 1036 503 1110 satiram,
532 1044 635 1096 tamen
658 1055 725 1098 non
748 1034 920 1098 abhorrere
944 1033 982 1096 ab
1006 1033 1166 1098 Iuvenalis
1189 1036 1321 1111 ratione,

266 1136 397 1201 alterum
420 1157 497 1199 sane
520 1139 692 1201 rectissime
714 1137 817 1214 vidit,
830 1157 898 1201 non
922 1158 991 1202 esse
1015 1159 1084 1202 eam
1106 1139 1322 1215 Horatiananr,

265 1239 352 1326 quod
381 1237 466 1303 idem
495 1239 535 1304 de
565 1241 711 1306 omnibus
734 1240 894 1307 luvenalis
923 1243 1024 1304 satiris
1053 1239 1160 1305 dicere
1187 1250 1323 1325 poterat,

265 1344 399 1410 alterum
421 1347 530 1430 inepte
553 1343 786 1419 animadvertit;
816 1366 888 1407 uam
910 1352 1108 1427 quantopere
1130 1342 1252 1426 reliqua
1273 1345 1323 1408 Iu-

264 1448 386 1514 venalis
409 1450 546 1510 carmina
568 1447 685 1512 distant
706 1447 747 1510 ab
771 1449 960 1521 Horatianis,
983 1453 1151 1527 tantopere
1174 1445 1254 1506 haec
1268 1466 1321 1506 sa-

268 1555 325 1614 tira
349 1573 367 1614 a
388 1548 517 1633 reliquis
542 1549 614 1613 illis.
751 1613 754 1621 ,

352 1653 417 1718 Sed
433 1655 590 1718 mittamus
606 1673 692 1718 nune
706 1656 803 1718 totius
819 1654 964 1716 carminis
979 1658 1207 1738 argumentum,
1223 1672 1320 1736 quum

265 1761 298 1822 in
315 1779 404 1844 spem
419 1759 607 1837 venerimus,
629 1761 786 1822 neminem
802 1755 881 1834 iore,
900 1757 954 1840 qui
968 1757 1114 1819 iniustam
1129 1761 1225 1816 vocet
1238 1754 1323 1816 hanc

266 1871 409 1926 nostram
431 1863 659 1945 suspicionem,
682 1883 773 1947 quam
795 1881 869 1924 mox
890 1880 975 1924 nova
998 1859 1246 1945 gravissimaque
1269 1879 1323 1920 au-

266 1976 347 2029 ctam
370 1963 626 2041 confirmatione,
649 1964 782 2050 singulis
800 1945 987 2028 ‘examinatis
1011 1963 1124 2026 satirae
1147 1962 1321 2038 sententiis,

267 2070 301 2132 in
317 2077 386 2131 tuto
404 2066 564 2130 collocare
581 2066 732 2130 conabor.
758 2067 850 2151 Quae
865 2071 1047 2151 priusquam
1063 2063 1239 2157 aggrediar,
1252 2084 1322 2126 non

267 2169 404 2236 alienum
427 2171 545 2256 opinor
566 2168 665 2234 verba
687 2169 793 2234 iacere
816 2168 857 2234 de
878 2191 914 2233 re
937 2168 991 2232 diu
1017 2165 1209 2251 multumque
1239 2169 1324 2231 inter

266 2277 352 2340 viros
375 2273 489 2339 doctos
513 2275 637 2362 agitata,
661 2272 702 2338 de
718 2273 811 2338 exilio
827 2272 986 2338 luvenalis
1001 2273 1034 2334 in
1049 2271 1211 2358 Aegypto,
1234 2269 1322 2355 quod

265 2398 333 2440 non
355 2377 454 2441 modo
478 2387 546 2441 arte
569 2379 740 2442 cohaerere
764 2401 834 2442 cum
857 2385 1006 2462 suspecto
1023 2375 1085 2439 hoc
1101 2377 1245 2451 carmine,
1269 2396 1322 2438 ve-

265 2499 333 2541 rum
357 2481 449 2539 etiam
473 2489 574 2542 totum
598 2478 714 2548 exilio
737 2478 881 2563 pendere
905 2479 1143 2544 demonstrabo,

354 2579 507 2644 Exulasse
535 2579 731 2658 Iuvenalem,
761 2603 887 2668 semper
918 2603 956 2646 ex
981 2585 1186 2666 conspirante
1211 2577 1323 2643 multa-

266 2707 350 2763 rum,
381 2705 463 2770 quae
486 2683 527 2749 ad
549 2705 610 2748 nos
632 2695 861 2769 pervenerunt,
890 2688 1023 2750 vitarum
1046 2689 1233 2750 auctoritate
1258 2702 1318 2767 pro

268 2799 356 2853 certo
373 2799 520 2854 constare
535 2788 712 2854 videbatur.
747 2788 870 2854 Omnes
893 2792 975 2854 enim
996 2793 1031 2854 in
1054 2810 1094 2854 eo
1111 2789 1322 2863 consentiunt,

265 2900 392 2974 poetam
416 2891 456 2950 ab
479 2895 670 2970 imperatore
689 2891 835 2970 quodam,
858 2897 1063 2955 nominantur
1077 2904 1181 2956 autem
1197 2892 1324 2968 diversi,
1387 2921 1391 2926 ·

265 2992 365 3068 Nero,
382 2989 591 3068 Domitianus,
607 2991 771 3065 Traianus,
794 2999 928 3073 propter
949 2991 1124 3053 nonnullos
1147 2992 1323 3055 versiculos

266 3097 347 3160 irato
371 3095 405 3156 in
429 3091 553 3158 exilium
575 3097 703 3160 missum
726 3111 810 3170 esse,
832 3091 921 3177 quod
943 3091 1071 3156 scholiis
1095 3113 1222 3178 quoque
1245 3113 1323 3157 con-

266 3199 409 3266 firmatur
431 3196 472 3263 ad
495 3207 552 3262 sat.
568 3200 591 3279 1,
615 3201 644 3263 1.
669 3199 726 3277 IV,
748 3198 801 3262 38.
824 3198 895 3276 Vll,
919 3200 972 3262 92.
995 3197 1066 3276 XV,
1088 3199 1140 3262 27.

356 3304 421 3367 Sed
449 3325 555 3389 neque
583 3325 716 3392 magnus
745 3301 868 3368 illarum
891 3305 1024 3368 vitarum
1052 3323 1201 3366 numerus
1226 3299 1324 3366 ullam

267 3407 359 3470 huius
376 3403 459 3467 exilii
481 3405 608 3470 fabulae
631 3407 725 3470 aiiert
746 3405 851 3484 fidem,
874 3427 1097 3492 quumomnes
1115 3428 1152 3469 ex
1167 3425 1232 3468 uno
1247 3426 1324 3489 pro-

268 3527 412 3574 manasse
427 3505 517 3570 fonte
534 3507 587 3570 vel
609 3508 685 3573 inde
708 3511 813 3574 conici
834 3507 936 3586 liceat,
960 3506 1047 3594 quod
1069 3529 1133 3571 una
1156 3529 1194 3570 ex
1214 3505 1325 3588 altera,

269 3615 388 3679 utiam
409 3610 489 3676 levis
512 3632 618 3676 earum
641 3615 835 3696 comparatio
859 3610 963 3690 docet,
984 3609 1026 3675 ad
1041 3611 1172 3676 verbum
1187 3609 1325 3696 plerum-

270 3737 332 3803 que
355 3719 510 3802 exscripta
532 3724 587 3794 est,
610 3718 654 3778 ita
669 3725 781 3792 tamen,
804 3713 840 3778 u't
854 3717 990 3800 scriptor
1003 3735 1063 3780 suo
1080 3714 1219 3793 arbitrio,
1242 3735 1324 3798 quae

213 3902 217 3910 Ι
270 3819 376 3900 vellet,
406 3828 438 3883 et
459 3819 590 3886 adderet
614 3828 646 3883 et
672 3816 826 3894 demeret;
856 3837 960 3903 neque
983 3821 1128 3904 primaria
1151 3819 1228 3882 haec
1248 3818 1323 3896 vita,

271 3943 352 4007 quae
380 3925 463 3987 inter
486 3933 606 3988 ceteras
631 3944 668 3986 ex
693 3920 746 3985 illa
771 3930 857 3986 ortas
880 3919 920 3985 ad
943 3941 1003 3986 nos
1029 3923 1213 4004 pervenisse
1236 3917 1325 3986 vide-

274 4033 339 4102 tur,
364 4029 492 4089 maioris
516 4035 563 4090 est
584 4028 749 4105 momenti,
773 4049 865 4112 quum
890 4028 1008 4100 omnia,
1032 4042 1112 4107 quae
1134 4021 1323 4115 reseruntur,

271 4125 360 4190 illinc
380 4127 490 4193 hausta
515 4151 584 4194 esse
603 4131 811 4197 demonstrari
826 4140 928 4215 queat,
952 4125 1037 4192 unde
1054 4135 1086 4190 et
1100 4125 1193 4192 nobis
1211 4125 1322 4193 eadem
