2980 4700
241 344 287 416 ln

238 525 380 592 Beroliu.
404 545 431 590 a.
456 525 650 592 leun-21
675 525 744 592 ord.
767 527 837 592 bist.
861 527 937 613 phil.
960 551 991 613 p.
1006 531 1102 610 219.)
1124 532 1209 598 haud
1233 535 1289 600 du-

237 631 290 696 bie
311 627 452 708 vidisset‚
473 631 600 694 minime
622 630 682 694 bac
702 629 776 718 lege
800 653 837 696 ea
860 631 957 696 luisse
980 636 1107 713 sancita,
1129 657 1210 720 quae
1232 659 1289 722 pu-

237 732 339 811 tebat,
361 731 420 798 sed
441 732 475 798 id
497 731 615 811 solum,
638 753 694 811 ne,
716 737 770 819 qui
794 743 942 813 „centum
964 735 1049 800 milia
1071 740 1151 803 aeris
1174 759 1289 803 census

236 840 302 917 „sit
317 835 643 902 mulieremheredem
657 839 837 904 institueret
848 837 962 918 (Gaius
974 840 1013 904 11.
1024 839 1054 924 §-
1064 842 1163 921 274),
1177 841 1289 927 plusve

236 943 398 1026 „cuiquam
413 939 545 1026 legaret
566 959 660 1024 quam
674 937 716 1002 ad
730 939 865 1004 heredes
883 945 1075 1026 perveniret,
1096 947 1234 1030 itemque
1247 966 1289 1008 ne

236 1045 391 1124 „feminae
407 1044 549 1127 cuiquam
568 1041 607 1106 ab
630 1044 780 1107 intestato
803 1040 1039 1107 succederent“
1072 1043 1233 1124 Ceterum,
1255 1057 1291 1111 ut

236 1167 359 1212 summo
381 1147 526 1210 acumine
548 1144 659 1211 docuit
680 1145 841 1224 salvinius,
868 1144 940 1210 latis
962 1146 1061 1232 Papia
1084 1148 1235 1234 Poppaea
1258 1159 1290 1212 at

235 1249 379 1314 Falcidia
400 1248 542 1336 legibus,
571 1249 722 1314 Voconia
743 1247 895 1335 paulatim
917 1252 1055 1316 evanuit.
1101 1251 1183 1336 Quis
1204 1271 1291 1328 vero,

236 1357 297 1418 nisi
312 1355 367 1439 qui
388 1355 528 1440 argutias
550 1361 678 1436 captare
699 1351 835 1430 studeat,
857 1373 895 1416 ex
909 1352 1144 1437 simplicissimis
1159 1354 1207 1416 bis
1221 1373 1291 1415 ver-

234 1456 302 1535 hisp
321 1455 416 1533 illam,
442 1475 534 1540 quam
556 1454 756 1518 Heinrichius
777 1453 889 1531 voluit,
916 1457 1067 1518 extricare
1089 1464 1198 1541 potest
1218 1475 1290 1520 sen-

235 1562 384 1625 tentiam?
416 1555 503 1641 Quid
522 1559 625 1621 euim?
646 1576 756 1620 nonne
770 1559 840 1641 ipsi,
862 1576 944 1641 quos
964 1578 1025 1642 pro
1046 1577 1081 1622 se
1102 1557 1208 1622 fecere
1229 1581 1288 1644 pu·

234 1671 281 1727 tat
301 1671 359 1726 sat
375 1661 429 1726 IL
451 1679 576 1736 versus,
599 1663 729 1747 egregie
751 1659 984 1737 demonstrant,
1005 1660 1105 1748 longe
1127 1660 1220 1726 aliter
1242 1661 1288 1726 di-

234 1776 357 1832 ctunmr
378 1765 477 1829 fidene
497 1771 625 1848 poetam
647 1765 811 1850 magisque
827 1767 1004 1849 perspicue,
1026 1767 1054 1829 si
1071 1763 1112 1829 de
1128 1763 1185 1829 illo
1201 1763 1290 1829 adul-

235 1873 295 1934 teri
325 1871 443 1957 egisset
470 1865 627 1932 consilioi’
655 1887 765 1932 nonne
786 1890 817 1930 v.
834 1869 886 1933 56.
913 1890 974 1954 pro
997 1871 1048 1947 „si
1071 1867 1218 1955 capiendi
1239 1871 1289 1933 ius

232 1970 380 2053 ,‚nullum
407 1972 545 2034 uxori“
567 1968 735 2033 dicendum
758 1970 871 2033 fuisset
892 1974 943 2047 „si
966 1972 1114 2056 capiendi
1140 1976 1190 2034 ius
1217 1969 1288 2033 nul·
1410 1961 1413 1968 ’

234 2074 323 2154 „lum
350 2075 470 2159 ipsii“
511 2071 548 2136 ld
576 2073 707 2136 maxime
735 2069 908 2135 tenendum
938 2081 1000 2150 est,
1029 2072 1117 2156 quod
1145 2092 1183 2135 ex
1210 2072 1286 2155 ipsis

233 2175 341 2243 verbis
368 2173 578 2264 intellegitur,
607 2177 635 2240 si
663 2194 744 2239 uxor
771 2174 896 2239 moechi
922 2173 1010 2238 bona
1033 2196 1148 2261 capere
1169 2184 1286 2261 posset,

234 2283 378 2344 maritum
399 2299 468 2343 non
490 2278 607 2346 lactum
627 2281 667 2344 iri
689 2277 847 2344 heredem.
894 2275 1029 2343 Adulter
1052 2281 1164 2366 igitur,
1193 2299 1288 2364 quum

234 2382 358 2447 mulieri
379 2383 478 2466 magis
501 2404 594 2464 quam
616 2385 728 2446 marito
751 2380 878 2445 studeat
898 2380 1079 2466 gratificari,
1099 2385 1218 2446 amicae
1235 2405 1289 2446 au-

235 2495 298 2550 tem
321 2503 426 2568 neque
447 2484 625 2547 universam
647 2503 715 2545 rem
736 2480 929 2558 familiarem,
952 2503 1056 2567 neque
1074 2495 1196 2566 partem
1214 2505 1288 2567 pos-

234 2591 276 2652 sit
292 2587 408 2674 legare‚
431 2588 505 2671 quia
527 2596 614 2651 caret
635 2588 705 2650 iure
725 2587 819 2648 trium
840 2583 1022 2661 liberorum,
1045 2582 1137 2647 aliter
1159 2583 1288 2648 efficere

234 2712 303 2756 non
330 2697 452 2775 potest,
483 2700 520 2780 ut
545 2688 600 2754 illa
629 2687 875 2754 emolumentum
904 2707 942 2750 ex
970 2684 1146 2751 hereditate
1175 2688 1287 2772 capiat,

235 2815 328 2879 quam
356 2795 476 2877 scripto
506 2796 574 2858 eius
601 2795 729 2871 marito,
759 2791 814 2874 qui
836 2798 868 2853 et
889 2791 958 2873 ipse
969 2788 1037 2886 *tali
1058 2789 1158 2856 modo
1184 2788 1287 2855 indul-

233 2897 362 2982 gentiae
384 2893 519 2956 fructum
541 2895 685 2977 percipit,
707 2890 795 2974 quod
811 2889 925 2953 doctrrs
948 2901 1017 2953 erat
1037 2901 1182 2974 spectare
1203 2891 1288 2954 lacu-

234 3019 292 3062 nar
314 3006 346 3062 et
369 2988 410 3060 'ad
432 2994 561 3059 calicem
583 2991 728 3080 vigilanti
748 2999 881 3056 stertere
902 3011 982 3054 naso
1000 2989 1042 3069 ¹).

322 3309 375 3371 Dc
396 3307 555 3382 versibus,
582 3308 637 3390 qui
658 3312 844 3388 sequuntur,
870 3302 1063 3387 singularem
1086 3301 1288 3368 conscribere

234 3430 363 3496 possem
385 3407 536 3485 libellum,
559 3409 586 3470 ai
607 3409 641 3469 in
664 3408 769 3469 animo
793 3411 885 3480 esset,
907 3423 1018 3466 omues
1041 3403 1179 3466 refutare
1202 3421 1287 3465 erre

234 3535 284 3578 res
314 3512 354 3576 ab
381 3507 608 3594 interpretibus
638 3505 878 3590 editoribusque
905 3509 938 3569 in
966 3507 1075 3591 paucis
1103 3504 1152 3566 bis
1181 3503 1286 3566 verbis

236 3619 419 3681 commissos
436 3621 467 3677 et
482 3613 572 3697 quasi
586 3609 814 3683 accumulatum
838 3611 926 3676 cuius
949 3628 1069 3696 operae
1090 3629 1178 3673 nune
1190 3604 1287 3671 video

235 3717 456 3806 compendium
478 3736 530 3780 me
551 3714 656 3778 lacere
674 3733 772 3798 posse
788 3723 864 3799 post
879 3713 1036 3801 Madvigii
1051 3714 1212 3801 egregiam
1226 3709 1287 3772 dioc

306 3975 330 4027 l.
353 3971 509 4028 Ridiculum
526 3969 581 4026 lere
599 3981 649 4041 est,
667 3970 740 4048 quod
756 3970 790 4026 ad
806 3969 875 4028 hanc
887 3989 980 4028 vocem
990 3963 1095 4024 addidit
1105 3961 1285 4032 Heinriohius3

236 4055 299 4126 „die
310 4076 375 4113 nare
386 4055 459 4112 vrlrd
476 4055 516 4113 als
530 4057 582 4113 sita
596 4054 645 4113 der
655 4056 744 4114 seium
755 4055 941 4131 beobacbtung
953 4050 1142 4129 angeselren;“
1152 4061 1284 4132 tamquam

234 4161 289 4200 uon
306 4142 368 4200 ideo
386 4150 489 4199 tautum
507 4152 725 4202 commemoratus
743 4145 780 4200 sit
796 4140 891 4212 nasus,
909 4141 971 4218 qula
989 4157 1055 4198 aare
1074 4139 1218 4196 stertimus.
