2980 4700
250 443 349 510 11111113
370 440 511 508 eiusdem
534 437 662 506 dicendi
681 440 809 527 generis
834 435 976 521 exempla
999 457 1036 500 ex
1057 437 1129 522 ipso
1147 437 1310 505 Cicerone

238 549 450 635 ¹congesserit
464 543 654 631 Madvigius,
679 541 719 606 de
741 540 796 604 fin.
820 564 851 626 p.
868 541 921 604 98.
961 538 1025 603 Sed
1047 561 1089 602 ne
1111 543 1156 604 ita
1179 542 1307 628 quidem

250 661 358 738 spreta
383 649 588 736 plurimorum
611 644 756 710 codicum
778 646 982 729 conspirante
1004 647 1204 722 auctoritate,
1228 643 1307 708 mul-

251 765 316 819 tum
339 756 490 830 iuvamur,
513 773 608 836 quum
630 748 712 814 male
734 770 768 813 se
791 747 930 811 babeant
952 746 1031 809 haec
1052 749 1151 832 prima
1172 769 1308 834 genera-

251 860 306 921 tim
337 855 434 932 dicta,
462 853 596 940 singulis
619 851 737 916 deiude
761 854 916 934 certisque
943 850 1150 934 sequentibus
1175 852 1306 914 infortu-

252 963 322 1025 niis.
368 956 567 1044 Quidquod
591 978 632 1020 ne
655 954 830 1040 tautologia
854 953 979 1037 quidem
1007 974 1139 1036 prorsus
1167 975 1308 1018 remove-

252 1074 303 1128 tur
319 1063 379 1126 bac
393 1063 536 1124 ratione?
559 1081 695 1144 namque
711 1057 751 1122 de
768 1057 863 1134 luctu,
886 1060 912 1119 si
936 1055 976 1119 ad
999 1077 1050 1118 res
1073 1056 1217 1140 publicas
1240 1079 1309 1142 spe-

251 1176 338 1230 ctare
362 1185 433 1228 enm
455 1174 610 1249 putamus,
631 1166 664 1226 in
688 1163 846 1246 proximis,
869 1161 895 1222 si
917 1157 958 1222 ad
975 1157 1173 1237 domesticas,
1196 1171 1308 1244 postea
1424 1237 1427 1240 Ι

251 1291 303 1332 vv.
321 1269 525 1333 138--14o
548 1271 609 1331 iam
633 1265 755 1329 dicitur.
801 1265 914 1347 Neque
938 1264 1044 1346 aptior
1065 1265 1220 1326 sententia
1244 1261 1310 1327 Cu·

253 1374 351 1436 rionis
375 1369 511 1434 efficitur
533 1373 714 1434 coniectura
728 1389 866 1445 ,casum
890 1365 1059 1453 lugentis“.
1104 1365 1310 1451 Quapropter

245 1455 442 1538 'retineamus
472 1494 541 1536 cum
571 1471 731 1556 plerisque
760 1469 850 1532 libris
876 1491 947 1532 mss.
972 1489 1118 1546 „cansam
1142 1467 1307 1545 dicentis“,

253 1576 463 1641 concedamus
480 1585 593 1652 autem,
615 1595 742 1660 pravam
766 1575 929 1656 scriptoris
954 1570 1224 1649 cousuetudinem,
1247 1593 1309 1654 qua

254 1679 363 1744 eadem
386 1681 511 1742 mutatis
533 1677 694 1764 paululum
717 1675 823 1740 verbis
846 1687 993 1761 repetere
1015 1675 1114 1752 solet,
1147 1675 1210 1738 hoc
1232 1693 1310 1758 quo-

253 1803 316 1868 que
338 1780 412 1845 loco
436 1802 524 1845 novo
549 1780 729 1844 confirmari
753 1777 908 1864 exemplo.

341 1882 406 1947 Sed
434 1887 738 1967 circumscriptorem
760 1905 789 1945 v.
814 1885 886 1946 136.
917 1905 935 1945 a
961 1881 1122 1966 plerisque
1144 1879 1240 1944 video
1269 1879 1310 1944 de

252 1983 358 2051 tutore
377 1986 564 2072 explicatum
586 2008 656 2050 esse
675 2008 692 2048 3
713 1985 836 2070 pupillo
860 1989 893 2047 in
916 1987 964 2048 ius
981 1995 1108 2049 vocato.
1143 1985 1206 2048 lem
1222 2003 1308 2060 vero,

253 2111 348 2175 quum
370 2099 480 2152 notum
503 2092 558 2166 sit,
588 2109 659 2166 eos,
687 2091 738 2172 qui
762 2092 795 2151 in
818 2109 905 2150 suam
927 2087 1058 2152 tutelam
1081 2090 1308 2175 pervenissent,

252 2215 319 2258 uno
342 2203 486 2277 tempore
509 2202 616 2279 togam
634 2190 755 2254 virilem
778 2195 948 2276 sumpsisse
970 2203 1002 2255 et
1025 2191 1159 2278 capillos
1182 2194 1310 2254 circum-

254 2296 375 2374 cidisse,
398 2296 461 2359 boc
478 2295 562 2374 loco,
585 2293 640 2359 nbi
661 2318 692 2357 v.
710 2296 783 2358 137.
806 2293 966 2380 puellares
990 2294 1096 2380 capilli
1119 2297 1229 2359 faciem
1253 2294 1310 2357 ob-

195 2411 196 2414 ’
253 2409 398 2485 tegentes
415 2408 508 2481 atque
527 2397 733 2461 obscurantes
750 2409 1043 2476 commemorantur,
1064 2420 1198 2483 puerum
1220 2396 1309 2462 illum

252 2500 351 2565 tutela
380 2498 521 2564 nondum
551 2498 716 2562 liberatum
746 2501 843 2566 fuisse
873 2501 1074 2566 statuendum
1105 2511 1161 2564 est.
1215 2501 1311 2585 Atqui

254 2607 369 2682 omnia,
391 2612 539 2689 quantum
560 2602 706 2687 equidem
730 2605 806 2680 scio,
831 2616 941 2668 contra
964 2614 1084 2668 tutores
1107 2603 1222 2666 iudicia
1241 2625 1309 2665 ma-

253 2710 395 2793 ximeque
417 2706 594 2770 rationibus
610 2705 820 2778 distrahendis
844 2713 936 2784 actio,
959 2728 1039 2791 quae
1062 2727 1124 2770 una
1146 2705 1307 2770 hocloco

252 2809 395 2897 intellegi
418 2821 535 2895 posset,
558 2810 648 2874 finita
662 2811 688 2890 ¹)
705 2810 829 2874 demum
853 2810 952 2874 tutela
974 2810 1228 2874 instituebantur.
1261 2811 1309 2874 Ex

253 2933 314 2998 qua
332 2911 520 2976 difficultate
536 2922 570 2975 ut
585 2934 619 2976 se
637 2913 822 2998 expedirent
838 2916 1037 2994 interpretes,
1061 2913 1101 2974 ad
1124 2917 1200 2974 mire
1224 2933 1309 2974 com-

252 3025 357 3080 menta
375 3015 593 3104 confugerunt,
617 3037 698 3100 quae
716 3035 961 3079 commemorare
984 3011 1063 3075 nibil
1086 3017 1212 3090 attinet;
1234 3037 1308 3078 nam

252 3129 354 3183 totum
381 3118 475 3198 illud,
503 3130 540 3183 ut
561 3129 649 3183 tutor
671 3116 911 3206 intellegeretur
934 3118 973 3181 ab
996 3116 1108 3181 iisdem
1130 3120 1309 3205 interpreti-

252 3222 313 3289 bus
336 3232 543 3308 praepostere
567 3225 776 3308 excogitatum
801 3232 856 3284 est.
897 3223 1006 3306 ltaque
1030 3245 1124 3307 quum
1148 3221 1308 3285 hocloco

252 3347 293 3388 ne
315 3311 446 3387 verbnm
470 3323 596 3408 quidem
620 3323 661 3387 de
684 3333 790 3388 tutore
812 3327 1006 3405 inveniatur,
1035 3348 1103 3390 non
1132 3325 1173 3389 de
1202 3333 1308 3388 tutore
1406 3341 1429 3398 j

253 3424 475 3512 cogitabimus,
505 3424 562 3489 sed
585 3449 717 3508 puerum
741 3427 781 3490 ab
806 3427 869 3491 alio
893 3417 1006 3515 quovis
1028 3430 1156 3492 bomine
1179 3431 1309 3490 circum-

252 3532 401 3616 scriptum
426 3549 495 3592 esse
522 3535 702 3594 statuemus.

680 3726 879 3744 u*-

253 3799 451 3811 ..υ-ιιι,-

322 3893 356 3960 1)
379 3893 462 3968 quue
475 3895 592 3970 posteris
604 3891 659 3950 illis
671 3891 838 3972 temporibus
852 3862 889 3950 eo
908 3895 1012 3952 facilius
1031 3895 1090 3950 fieri
1108 3896 1207 3972 potnit,
1226 3915 1307 3971 quum

252 3975 373 4051 plerique
393 3987 512 4046 tutores,
534 3989 715 4036 verumtamen
736 4001 790 4036 non
810 4000 917 4050 omnes,
941 3991 1002 4038 ante
1019 3981 1111 4036 initam
1130 3979 1243 4039 tutelam
1260 4002 1308 4060 pu·

252 4059 327 4136 pillis
346 4061 476 4118 satisdare
494 4072 653 4138 cogerentur
671 4065 704 4122 cf.
724 4065 820 4123 (1111.
840 4069 899 4122 191.
