2948 4690
1171 347 1216 416 15

162 553 243 609 „nus
259 531 319 613 (cl.
344 532 430 596 Suet.
453 533 548 594 Dom.
566 533 618 610 Θ.)
642 529 772 594 lecticae
795 553 885 596 usum
909 544 941 598 et
962 537 1011 597 ius
1033 532 1139 619 legata
1163 531 1216 593 he·

161 632 394 718 „reditatesque
418 633 566 719 capiendi
589 631 767 698 ademerit.“
812 633 905 718 Quae
928 647 1126 722 quantopere
1154 635 1216 698 sint

161 736 248 814 falsa,
270 759 367 822 quum
391 758 428 800 ex
451 736 669 819 superioribus
692 745 789 821 patet,
810 745 876 800 tum
897 759 934 800 ex
955 741 1001 816 iis,
1025 759 1105 821 quae
1120 737 1217 800 Hein-

160 841 276 904 richius
299 841 432 922 scripsit,
456 841 543 901 cuius
566 836 773 922 disputationi
797 836 919 902 dehac
943 837 1069 923 quidem
1090 861 1125 902 re
1147 861 1216 903 ver-

160 943 328 1006 bumnon
351 939 449 1004 addo:
477 939 541 1004 Sed
565 939 671 1018 doleo,
694 939 782 1026 quod
805 944 988 1027 Rupertius,
1013 962 1109 1026 quum
1133 962 1218 1005 erro-

60 1101 69 1114 ,
163 1047 205 1106 ris
228 1045 352 1106 minime
373 1052 467 1108 tenax
489 1065 576 1107 suam
598 1047 760 1108 reiecisset
775 1045 1026 1131 explicationem,
1049 1047 1141 1108 nimis
1156 1047 1217 1108 iam

162 1145 294 1211 credulo
318 1150 422 1210 animo
446 1149 479 1208 iu
501 1147 676 1236 Heinrichii
699 1151 830 1213 omnino
853 1153 969 1213 iuravit
990 1148 1098 1228 verba,
1124 1169 1217 1234 quem

164 1246 196 1313 et
217 1252 320 1331 ipsum
343 1248 528 1334 longissime
551 1248 699 1313 aberrare
722 1272 843 1328 avero,
865 1273 933 1316 non
949 1261 997 1314 est
1019 1251 1151 1316 difficile
1172 1255 1219 1315 in-

163 1350 301 1414 tellectu.
337 1351 569 1415 ‘Ratiocinatur
592 1355 782 1418 enimhunc
805 1352 873 1418 fere
898 1357 932 1418 in
959 1352 1102 1417 modum:
1130 1353 1218 1416 hona

162 1475 277 1540 capere
305 1452 477 1540 significari
504 1453 652 1520 heredem
680 1479 717 1522 ex
744 1477 815 1520 asse
841 1457 926 1532 fieri3
957 1454 1092 1520 heredes
1115 1464 1218 1520 autem

162 1579 199 1622 ex
221 1579 291 1622 asse
313 1555 384 1619 fieri
406 1555 642 1642 legeVoconia
662 1561 810 1625 muheres
825 1564 940 1636 vetari;
963 1569 1079 1646 postea
1093 1558 1217 1624 demum

160 1658 234 1747 lege
257 1661 354 1745 Papia
374 1660 528 1744 Poppaea
550 1663 742 1727 hereditates
766 1663 853 1727 adire
876 1685 1063 1728 concessum
1088 1685 1158 1727 esse
1179 1665 1217 1727 iis

160 1764 293 1841 feminis,
316 1763 429 1848 quihus
450 1776 535 1829 esset
556 1768 605 1829 ius
628 1770 721 1830 trium
743 1767 925 1846 liberorum,
948 1789 1043 1852 quum
1059 1769 1107 1828 vir
1124 1769 1217 1828 etiam

163 1865 322 1928 solitarius
345 1867 437 1928 heres
459 1870 600 1949 potuerit
621 1870 750 1943 institui,
772 1871 792 1928 i.
817 1891 843 1931 e.
866 1890 932 1932 uno
955 1875 1125 1953 procreato
1147 1865 1217 1957 filio

162 1965 283 2042 filiave;
313 1969 374 2029 iam
396 1966 557 2031 mulierem
579 1967 663 2033 illam
686 1990 753 2033 non
777 1969 924 2035 habuisse
946 1973 994 2035 ius
1020 1973 1113 2034 trium
1137 1969 1216 2034 lihe-

158 2091 276 2147 rorum,
291 2072 434 2134 maritum
449 2092 491 2134 ne
506 2070 681 2136 solitarium
693 2072 820 2156 quidem
835 2074 941 2151 fuisse,
956 2074 1105 2159 ideoque,
1121 2096 1216 2158 quum

161 2193 222 2235 nec
236 2175 327 2238 uxori
343 2193 529 2237 concessum
546 2175 649 2250 luerit
670 2175 758 2238 bona
783 2197 906 2257 capere,
928 2197 1034 2258 neque
1055 2179 1126 2256 ipsi,
1148 2196 1218 2256 per-

161 2278 281 2338 misisse
296 2277 406 2350 virum,
428 2283 464 2336 ut
486 2270 610 2336 adulter
633 2294 671 2336 ex
693 2294 792 2338 uxore
814 2272 916 2336 filium
937 2283 1129 2358 procrearet,
1154 2296 1218 2357 quo

163 2376 247 2440 lacto
269 2379 304 2439 in
326 2379 502 2441 universam
527 2374 661 2440 adulteri
684 2375 890 2440 hereditatem
909 2386 1019 2461 posset
1035 2375 1217 2444 succedere.

163 2479 236 2564 Qua
253 2501 321 2543 cum
341 2483 615 2566 argumentatione
631 2478 779 2543 videntur
801 2478 926 2565 quidem
951 2484 1133 2546 consentire
1156 2480 1217 2560 alii,

161 2603 241 2668 quos
271 2582 413 2647 laudavit
442 2584 655 2663 Heinrichius‚
684 2583 843 2648 luvenalis
866 2605 976 2648 versus
1006 2594 1063 2648 sat.
1087 2587 1139 2650 IX.
1164 2587 1217 2651 82.

162 2694 194 2747 et
216 2707 283 2772 sqq.

264 2821 374 2866 Nullum
391 2829 459 2879 ergo
476 2817 601 2868 meritum
620 2821 677 2884 est,
696 2819 803 2883 ingrate
822 2832 856 2870 oc
875 2816 984 2887 perfide,
1004 2821 1115 2889 nulium,

267 2903 345 2962 Quod
363 2902 411 2952 tihi
427 2897 527 2952 filiolus
547 2904 590 2954 vel
608 2900 665 2955 tilia
682 2904 805 2956 noscitur
823 2919 857 2955 ex
874 2901 938 2959 mei

267 2987 354 3038 [Pollis
372 2987 443 3038 enim
462 2992 490 3038 et
506 2989 585 3040 libris
600 2993 726 3052 ,notorum
744 3005 876 3056 spargere
894 2995 999 3056 gaudes

267 3077 434 3137 Argumenta
451 3075 513 3124 viri.
548 3076 665 3125 Foribus
683 3078 818 3138 suspende
837 3089 964 3142 coronas,
1130 3072 1182 3139 85)

268 3159 327 3207 lom
345 3161 424 3218 pater
442 3170 486 3206 es:
511 3158 646 3224 dedimus,
670 3163 739 3220 quod
758 3161 847 3208 famae
866 3171 1003 3218 opponere
1022 3159 1126 3219 possis;

268 3242 331 3288 iure
348 3240 470 3300 parentis
487 3241 584 3306 habes,
603 3245 715 3304 propter
733 3254 776 3290 me
795 3241 924 3290 scriberis
943 3244 1031 3307 heres,

263 3325 398 3387 negatum
418 3337 497 3374 omne
516 3323 605 3391 capis,
625 3339 676 3376 nec
694 3339 747 3378 non
766 3329 795 3376 et
814 3325 893 3376 dulce
915 3325 1053 3378 caducum.

267 3408 414 3460 Gemma
431 3413 576 3472 praeterea
592 3411 739 3476 iungentur
757 3414 842 3463 multo
859 3413 980 3479 caducis,
1276 3479 1281 3486 ‚

266 3495 295 3546 Si
314 3508 467 3563 numerum,
487 3497 511 3548 si
530 3500 586 3548 tres
604 3497 762 3560 implevero.
1112 3497 1180 3562 oo)

69 3678 72 3682 ¹
159 3602 224 3666 Sed
252 3625 319 3668 non
348 3610 565 3686 consentiunt,
595 3631 690 3692 quum
719 3631 787 3674 eam
816 3611 990 3696 praebeant
1018 3611 1214 3688 sententiam,

159 3725 251 3790 quam
273 3706 390 3771 inferre
410 3707 513 3773 voluit
533 3711 747 3792 HeinrichiuS‚
769 3735 837 3778 non
861 3735 945 3788 eam,
968 3731 1049 3794 quae
1071 3733 1146 3776 vere
1169 3715 1215 3774 in-

159 3808 343 3897 tellegenda
367 3820 414 3875 est
436 3811 499 3875 hoc
521 3812 604 3877 loco.

244 3914 364 4002 Legem
376 3916 556 3981 Voconiam
573 3921 703 3983 omnino
720 3916 871 3982 adhihere
887 3936 954 3979 non
967 3915 1105 3980 debebat
1115 3919 1213 3982 Hein-

158 4014 281 4093 richius,
307 4038 451 4104 namque,
479 4023 506 4084 si
528 4023 597 4106 ipse
618 4023 816 4107 inspexisset,
839 4041 930 4105 quam
953 4017 1069 4100 laudat,
1092 4021 1211 4086 Savinii

99 4188 104 4196 ,
159 4112 199 4178 de
222 4111 295 4202 lege
312 4118 462 4185 Voconia
485 4123 738 4190 dissertationem
762 4121 833 4203 (ed.
852 4126 886 4187 in
904 4122 1006 4190 annal.
1024 4123 1110 4189 acad.
1129 4124 1212 4187 liter.
