2980 4700
1144 339 1189 410 77

136 531 338 609 defensores,
362 531 498 596 eundem
520 527 560 593 C.
582 528 625 592 Ο.
648 526 853 603 Muellerum,
875 524 1092 612 indignantem
1115 545 1192 588 vere

135 634 265 721 pulcros
283 647 376 720 atque
396 635 545 722 egregios
560 651 670 693 versus
692 632 805 692 iterum
827 630 1003 712 iterumque
1025 629 1192 707 „monasti-

136 761 209 817 „cos
224 738 400 802 versiculos
423 732 711 816 versificatorisque
734 730 938 794 emblemata“
953 729 1025 808 dici,
1047 740 1080 796 et
1097 730 1192 796 Orel-

136 842 221 920 lium,
245 843 306 924 qui,
332 859 427 921 quum
449 833 669 920 perhibuisset,
697 831 814 898 similes
837 831 1051 919 digressiones
1074 833 1193 918 ubique

136 962 307 1009 occurrere
329 943 363 1002 in
385 936 545 1002 luvenalis
567 939 679 1014 satiris,
699 937 796 1023 plane
817 934 989 1024 „gemella“
1011 934 1077 999 duo
1100 935 1195 999 allert

138 1042 296 1128 exempla,
324 1045 356 1104 io
380 1040 494 1127 quibus
518 1040 663 1106 concedo
687 1041 797 1107 eadem
819 1039 1012 1127 reprehendi
1035 1048 1067 1104 et
1095 1059 1195 1125 posse

139 1159 171 1212 ct
193 1146 328 1220 debere;
350 1143 408 1208 sed
423 1167 460 1208 ex
474 1146 543 1227 ipsa
557 1147 616 1207 hac
631 1150 765 1229 repetita
781 1149 876 1208 satira
890 1147 961 1209 XV.
979 1167 1028 1206 vv.
1041 1145 1133 1208 ὅδ’-
1143 1145 1194 1221 72,

140 1252 180 1316 de
204 1248 317 1332 quibus
339 1250 400 1308 iam
423 1245 542 1308 dictum
566 1255 627 1323 est,
655 1256 687 1310 et
708 1270 737 1310 v.
754 1249 813 1321 86,
837 1246 878 1310 dc
901 1267 965 1335 quo
988 1258 1100 1329 postea
1125 1269 1192 1310 sum

141 1350 364 1437 disputaturus,
387 1346 592 1427 hauddubie,
615 1351 689 1434 quia
710 1352 745 1412 in
767 1346 914 1413 omnibus
936 1349 1082 1434 genuinis
1103 1349 1193 1412 luve-

139 1455 220 1518 nalis
243 1453 432 1517 carminibus
454 1451 566 1516 similia
589 1473 657 1516 non
678 1455 892 1518 inveniuntur.
938 1451 1047 1536 ltaque
1068 1453 1194 1515 retineo

138 1559 199 1622 hos
220 1579 345 1635 versus,
369 1555 612 1642 qualescumque
635 1557 768 1637 sunt¹)‚
799 1554 896 1619 credo
920 1565 1038 1633 autem,
1067 1567 1193 1640 poetam

139 1665 255 1725 iactare
279 1682 349 1724 sese
371 1658 545 1724 lectoribus
566 1669 709 1725 remotae
731 1659 948 1744 barbaraeque
967 1669 1069 1724 terrae
1090 1658 1195 1745 perlu-

140 1768 309 1841 stratione,
338 1786 432 1848 quum
458 1784 526 1828 nou
549 1764 612 1827 hoc
633 1765 731 1828 modo
755 1764 846 1841 loco,
874 1785 983 1831 verum
1013 1765 1198 1849 saepissime

139 1867 238 1931 multa
255 1871 436 1952 importune
453 1887 491 1928 ac
511 1876 718 1950 praepostere
741 1868 915 1930 narrationi
937 1865 1091 1942 inferciat,
1114 1886 1195 1949 quae

139 1980 315 2035 accuratam
332 1971 475 2057 Aegypti
489 1971 631 2056 gentium
650 1989 820 2053 earumque
837 1989 960 2034 morum
977 1971 1194 2056 cognitionem

139 2072 301 2152 simulant,
324 2073 381 2139 sed
404 2084 458 2138 aut
480 2081 588 2159 aperte
612 2072 691 2137 falsa
713 2082 768 2137 aut
789 2075 983 2159 ineptissima
1004 2083 1087 2138 sunt.
1133 2073 1195 2151 sic,

140 2199 235 2262 quum
260 2177 356 2241 dicat:
1100 2189 1103 2198 ·

249 2323 308 2382 Qua
327 2333 378 2370 uec
397 2319 533 2370 terribiles
552 2317 661 2386 Cimbri,
681 2332 733 2369 uec
751 2283 875 2371 Britones
893 2331 1017 2381 umquem

142 2403 213 2472 125)
251 2410 482 2468 Sauromataeque
500 2409 593 2457 truem
610 2409 659 2456 aut
675 2404 807 2456 immanes
823 2404 982 2470 Agathyrsi,

127 2485 129 2489 ’
247 2496 306 2543 llac
323 2491 413 2542 saevit
430 2491 507 2543 rabie
522 2490 633 2542 imbelle
651 2497 679 2543 et
698 2492 795 2543 inutile
813 2493 922 2556 volgus,

247 2579 336 2629 Parva
353 2574 481 2632 fictilibus
500 2577 610 2642 ¹solitum
628 2580 693 2630 dare
711 2580 775 2630 vela
792 2563 923 2642 phaselisx

246 2667 282 2717 Et
299 2664 425 2716 brevibus
443 2665 534 2726 pictae
551 2664 634 2716 remis
652 2664 809 2716 incumbere
827 2667 926 2716 testae.
1010 2707 1014 2716 .

693 2846 798 2887 Summus
810 2839 927 2900 utrimque
1083 2835 1124 2886 35)

342 2911 399 2954 Inde
412 2910 477 2954 furor
488 2912 567 2970 volgo,
587 2913 651 2970 quod
663 2914 755 2956 numina
767 2913 894 2956 vicinorum

342 2981 401 3025 Odit
414 2991 512 3039 uterque
525 2983 599 3036 locus,
619 2999 690 3040 quum
701 2985 764 3029 solos
777 2985 856 3028 credat
869 2981 985 3025 habendos

341 3053 397 3095 Esse
410 3053 475 3105 deos,
492 3068 551 3110 quos
564 3054 615 3110 ipse
628 3055 691 3098 colit.
721 3057 768 3097 Sed
781 3079 807 3086 —

132 3120 217 3177 'nullo
240 3123 320 3176 modo
344 3127 431 3176 omitti
453 3133 577 3200 possunt.
613 3124 672 3178 lllis
694 3128 763 3194 enirn
785 3127 878 3179 eiectis
896 3122 970 3178 nullo
988 3122 1096 3176 omnino
1116 3140 1193 3177 causa

140 3205 265 3282 ponitur,
288 3205 359 3260 unde
381 3214 483 3260 tautum
506 3206 597 3262 odium
617 3210 688 3263 inter
708 3209 772 3264 illos
790 3205 908 3284 populos
927 3208 1070 3272 exarserit,
1093 3216 1195 3261 uttam

141 3293 254 3345 immane
272 3288 374 3344 facinus
393 3292 597 3346 committerent.
1174 3293 1176 3300 '

214 3377 248 3444 l)
273 3375 320 3432 Sic
338 3377 417 3431 etiam
435 3375 579 3452 explicatio
597 3396 643 3432 vv.
656 3378 698 3432 45.
711 3376 760 3429 46..
774 3375 842 3442 „sed
859 3376 973 3446 luxuria,
992 3387 1121 3453 quantum
1136 3379 1195 3454 ipse

143 3461 271 3531 „notavi,
290 3460 408 3516 Barbara
426 3459 528 3517 famoso
547 3481 601 3517 non
620 3460 693 3517 cedit
710 3461 769 3538 ripa
787 3459 933 3543 Canopo“‚
951 3483 1005 3520 non
1023 3465 1082 3520 sine
1101 3474 1195 3540 poetae

143 3545 257 3623 quadam
275 3545 352 3625 culpa
372 3567 463 3602 omues
482 3545 538 3603 lere
555 3550 664 3604 vexavit
681 3549 857 3623 interpretes,
876 3553 934 3626 qui,
955 3570 1035 3626 quum
1054 3549 1195 3625 Aegyptus
1216 3545 1224 3553 ⁴

143 3642 171 3688 et
187 3631 244 3688 Nili
266 3635 324 3709 ripa
347 3633 457 3690 horrida
479 3633 598 3702 dicatur,
623 3633 673 3690 sed
696 3631 801 3690 luxuria
822 3656 877 3694 nou
894 3636 1006 3694 inferior
1024 3634 1127 3690 famoso
1146 3633 1196 3690 Ca-

142 3738 228 3796 nopo,
247 3720 353 3794 etipse
371 3721 400 3776 in
415 3720 541 3796 Aegypto
558 3719 631 3799 apud
647 3717 706 3776 Nili
723 3721 822 3778 ostium
839 3723 906 3789 aito,
928 3723 1090 3778 coniectoris
1109 3741 1195 3779 eruen-

143 3805 278 3862 dationem
296 3808 494 3881 quaesiverunt,
518 3809 558 3864 sic
577 3805 720 3872 Schrader,
733 3803 862 3882 ⁴Rupert,
885 3806 938 3865 alii.
976 3806 1032 3864 Sed
1050 3809 1079 3864 iu
1095 3807 1138 3862 his
1157 3810 1196 3862 ni·

141 3890 183 3946 hil
200 3891 272 3948 haud
289 3891 371 3948 dubie
388 3894 543 3952 mutandam
561 3903 611 3960 est,
631 3890 774 3951 dummodo
793 3902 949 3962 statuamus,
970 3915 984 3950 a
1002 3903 1082 3970 poeta
1101 3893 1195 3950 obscu-

141 3981 215 4033 riore
233 3979 467 4046 rememoratione,
485 3979 623 4038 barbaram
642 3976 703 4034 Nili
719 3979 804 4053 ripam
823 3982 975 4057 oppositam
992 3999 1054 4036 esse
1072 3979 1194 4056 Canopo,

142 4063 268 4202 amalilbus
287 4063 398 4122 Graecis
416 4085 521 4126 morum
537 4064 673 4126 illecebris
691 4063 805 4142 repleto,
826 4065 902 4141 qnod
916 4077 992 4127 recte
1008 4065 1195 4128 animadvertit

170 4167 200 4202 re
223 4168 272 4204 rus.
