2980 4700
278 347 330 422 ⁴12
418 431 421 434 .

277 533 451 614 „sabinae
473 535 651 613 ,‚Bruttia“,
672 531 804 610 „Galla“
826 545 893 612 etc,
916 543 970 600 aut
991 534 1095 616 fictae,
1118 540 1162 602 ita
1185 549 1222 604 ut
1242 549 1336 607 note-

278 648 329 703 tur
344 636 458 703 mulier
474 639 601 715 rustica,
620 635 811 702 lubricarum
829 637 915 702 urbis
938 641 1049 704 artium
1071 643 1224 726 imperita.
1248 644 1336 728 Apu-

277 741 328 806 los
343 745 427 806 enim
444 741 562 808 diutius
577 744 753 828 priscorum
767 764 890 808 morum
907 741 1137 828 simplicitatem
1154 749 1332 824 retinuisse,

277 847 360 910 inter
380 845 498 912 multos
521 844 602 910 alios
624 855 756 911 testatur
770 848 921 913 Horatius
936 845 1053 931 (epod.
1070 849 1108 912 11.
1125 850 1206 928 42).
1240 850 1335 912 Amat

278 959 383 1014 autem
398 948 566 1025 luvenalis,
588 952 615 1012 si
632 947 727 1033 fingit
744 969 906 1033 personas,
930 948 1004 1012 talia
1026 953 1066 1014 iis
1087 953 1254 1038 imponere
1275 973 1332 1016 no-

277 1056 369 1131 mina,
393 1074 431 1118 ex
448 1051 561 1136 quibus
577 1049 671 1114 facile
686 1058 771 1114 certa
787 1049 915 1113 indoles
933 1071 971 1114 ac
988 1061 1101 1116 natura
1117 1064 1281 1139 repetatur
1297 1057 1332 1135 ¹).

277 1156 371 1240 Quae
386 1153 512 1239 Appula
535 1151 645 1238 pulcre
667 1155 729 1216 iam
752 1154 930 1239 opponitur
946 1154 1133 1238 Thymelae,
1157 1157 1273 1225 talibus
1288 1181 1337 1224 re-

275 1257 337 1322 bus
358 1257 497 1322 imbutae
520 1265 614 1342 atque
637 1255 799 1320 adsuetae.
842 1257 895 1320 De
919 1257 1078 1342 Thymele
1100 1259 1255 1346 denique,
1287 1284 1336 1326 ce-

277 1362 448 1428 leberrima
469 1364 570 1439 mIma,
592 1359 672 1425 nihil
688 1359 805 1447 ambigi
819 1369 934 1446 potest,
957 1383 1052 1446 quum
1069 1372 1153 1428 etex
1168 1364 1238 1428 aliis
1254 1368 1336 1430 eius·

277 1465 349 1530 dem
370 1469 523 1550 temporis
548 1463 755 1550 scriptoribus
778 1463 892 1542 (Mart.
911 1465 934 1530 1.
958 1467 1010 1544 5.)
1034 1475 1066 1528 et
1088 1487 1126 1528 ex
1148 1468 1219 1550 ipso
1242 1467 1335 1531 Iuve-

276 1567 349 1632 nale
379 1578 456 1634 nota
483 1570 526 1632 sit
551 1567 595 1647 (Ι.
618 1569 671 1632 36.
695 1590 736 1647 „a
758 1567 883 1654 trepido
909 1567 1064 1653 Thymele
1087 1572 1249 1634 summissa
1272 1569 1334 1634 La—

276 1674 392 1750 ‚,tiuo“
415 1681 447 1736 et
470 1670 558 1736 VIII.
583 1673 671 1736 lot:

381 1833 417 1846 -
433 1813 552 1862 Mortem
569 1808 610 1860 sic
629 1809 767 1875 quisquam
785 1807 938 1878 exhorruit,
956 1813 988 1861 ut
1005 1810 1042 1861 sit

382 1899 538 1962 zelotypus
555 1897 716 1964 Thymeles,
738 1895 838 1958 surpidi
856 1895 970 1960 Collega
990 1890 1131 1947 Corinthii

382 1985 438 2032 Res
455 1984 526 2032 haud
543 1981 612 2031 mira
630 1986 735 2049 temen,
755 1982 911 2032 citharoedo
930 1982 1068 2050 priucipe,
1086 1981 1200 2034 mimus

381 2066 486 2116 Nobilis
504 2069 558 2117 etc.
577 2068 630 2116 etc.

363 2185 428 2249 lam
457 2186 556 2248 totius
584 2181 650 2247 loci
679 2181 859 2268 explanatio
884 2204 952 2248 non
973 2185 1107 2252 multum
1130 2187 1226 2251 habet
1248 2185 1333 2252 diffi-

275 2287 408 2367 crdtatis,
437 2289 561 2366 omissa,
587 2309 649 2374 qua
671 2307 713 2352 ne
736 2308 819 2374 opus
843 2287 970 2374 quidem
994 2294 1052 2355 erit
1074 2294 1214 2376 priorum
1236 2293 1332 2354 inter-

274 2402 401 2480 pretum
421 2392 623 2456 refutatione.
664 2391 701 2456 lu
723 2401 794 2456 toto
818 2393 951 2470 theatro,
973 2396 1082 2478 inquit,
1105 2393 1193 2458 nulla
1217 2405 1266 2460 est
1288 2395 1333 2459 fe-

274 2500 367 2575 mina,
391 2517 483 2582 quam
505 2516 634 2582 securus
656 2515 769 2571 amare,
798 2515 890 2578 quam
914 2515 1046 2558 uxorem
1068 2498 1173 2580 possis
1197 2498 1332 2574 duceie3

274 2600 321 2666 ihi
351 2602 433 2664 enim
461 2597 606 2685 Bathylli
631 2596 765 2660 lascivas
795 2595 1014 2680 obscenasque
1042 2595 1228 2661 saltatIones
1260 2622 1332 2684 spe·

275 2715 405 2783 stantes,
426 2723 522 2768 veros
545 2703 690 2787 aperiunt
712 2701 834 2764 animos
856 2719 1026 2784 veramque
1049 2707 1200 2762 naturam.
1248 2703 1332 2768 Tuc-

274 2812 330 2886 cia,
353 2807 495 2872 libidinis
517 2807 760 2890 intemperantia
782 2811 939 2888 correpta,
960 2805 1085 2868 vesicae
1100 2824 1167 2868 nou
1181 2806 1331 2890 imperat;

274 2909 400 2995 Appula
420 2912 555 2972 insuetis
577 2907 736 2972 stimulata
757 2906 947 2992 spectaculis
966 2910 1086 2994 gannit,
1109 2911 1191 2971 sicut
1212 2911 1245 2972 iu
1269 2931 1332 2973 am-

274 3011 370 3100 plexo
399 3011 536 3076 subitum
567 3021 598 3076 et
625 3008 817 3088 miserabile,
847 3009 890 3074 id·
904 3018 968 3087 est,
997 3010 1126 3073 crebros
1150 3019 1182 3073 et
1203 3010 1328 3074 subitos

273 3115 431 3205 singultus
452 3113 533 3192 edit;
557 3118 632 3202 quin
657 3119 749 3180 etiam
772 3112 975 3179 celeberrima
998 3115 1089 3177 mima
1106 3111 1273 3198 Thymele,
1294 3111 1330 3176 li-

274 3230 325 3286 cet
340 3223 401 3285 iam
418 3220 564 3284 omnihus
579 3219 759 3284 libidinosis
774 3217 914 3283 artificiis
929 3228 1062 3296 versata,
1085 3215 1167 3282 adeo
1184 3226 1331 3282 movetur

274 3327 474 3406 animumque
497 3322 654 3400 adtendit,
685 3325 773 3408 quasi
796 3333 829 3388 et
850 3326 920 3410 ipsa
943 3327 1058 3388 rustica
1082 3331 1114 3385 et
1133 3321 1258 3391 illarum
1281 3342 1331 3387 res

273 3447 343 3490 rum
363 3426 507 3508 imperita
523 3426 703 3488 etiamnunc
717 3425 825 3490 discet.
860 3425 1028 3488 Adiectiva
1050 3422 1232 3498 „subitum“,
1255 3425 1329 3497 „mi-

272 3527 457 3610 „serabile“‚
486 3525 653 3612 „longum‘
675 3549 736 3613 pro
758 3527 917 3593 adverbiis
940 3527 1044 3609 posita
1066 3520 1144 3586 nihil
1171 3522 1330 3607 praebent

273 3635 409 3722 negotii,
437 3629 525 3718 quod
548 3634 706 3716 exipsius
729 3640 845 3717 poetae
868 3649 957 3692 more
980 3628 1095 3692 lactum
1119 3648 1203 3706 esse,
1230 3627 1330 3692 multa

273 3737 412 3823 probant
434 3733 585 3821 exempla.
621 3735 674 3796 Sic
694 3742 750 3795 sat.
767 3735 790 3794 l.
811 3733 858 3796 16.
882 3730 1176 3810 ‚‚altumdor1uire“,
1199 3741 1256 3796 sat.
1273 3731 1326 3794 III.

275 3843 347 3908 107.
377 3848 520 3922 „rectum
549 3837 680 3904 minxit“
704 3845 762 3899 etc.
792 3844 851 3900 etc.
881 3836 941 3918 (cf.
958 3838 1048 3923 Virg.
1080 3836 1159 3900 Aen.
1188 3837 1225 3900 X.
1254 3836 1326 3900 740.

273 4001 471 4010 ξφ,-

344 4084 378 4151 1)
403 4082 498 4139 Simile
515 4103 550 4139 ex
567 4080 621 4138 aliu
639 4101 737 4155 genere
754 4081 905 4157 exemplum
925 4087 967 4134 est
986 4076 1043 4134 Vll.
1062 4079 1122 4133 218.
1150 4079 1328 4149 „Acoenoue-

275 4168 368 4234 ‚‚tus“
386 4167 481 4234 humo,
500 4169 546 4241 qui
564 4186 618 4222 uon
637 4165 752 4224 libenter
771 4185 830 4224 eom
847 4164 908 4222 ahie
926 4164 1109 4220 communicat.
