2980 4700
150 348 302 420 χ10

344 533 492 620 Contigit
512 532 587 595 mibi
611 553 647 594 ex
668 533 880 596 universitatis
903 531 1061 596 literariae
1077 517 1250 617 Lipsiensis
1265 531 1310 595 bi-

254 635 415 700 bliotheca
437 633 665 700 nonnullorum
687 635 839 698 librorum
865 635 1069 699 collationem
1093 633 1167 699 aC.
1183 637 1309 712 Beiero,

253 741 438 825 professore
468 739 543 803 olim
560 740 728 823 Lipsiensi,
751 737 919 824 exemplari
942 737 1100 802 luvenalis
1122 740 1310 822 Rupertiaui

254 846 418 928 ascriptam
441 845 589 906 nancisei.
633 843 681 904 Ex
702 841 749 903 his
772 840 875 920 libne,
907 863 1041 927 quorum
1063 845 1170 905 variae
1198 840 1309 905 lectio-

252 967 310 1009 nes
325 948 484 1031 Rupertio
500 947 560 1006 iam
580 953 670 1006 erant
686 948 872 1029 promissae,
893 965 960 1006 non
982 967 1114 1030 prorsus
1137 944 1309 1030 spernendi

253 1048 329 1111 milri
350 1047 541 1110 videbantur
564 1046 629 1109 duo
653 1044 746 1108 codd.
770 1047 1036 1125 Zvriocavieuses,
1066 1069 1199 1131 quorum
1222 1048 1309 1127 alter,

254 1155 306 1235 qui
322 1149 398 1214 olim
421 1151 482 1229 fuit
495 1148 671 1226 Pulmanni‚
693 1152 753 1212 iam
777 1170 844 1212 nou
869 1158 968 1212 exstat
990 1152 1023 1213 iu
1046 1171 1083 1214 ea
1105 1149 1308 1229 bibliotheca,

252 1264 288 1318 ut
309 1264 415 1318 narrat
437 1252 549 1316 Hertel
571 1252 636 1330 „de
660 1251 753 1316 codd.
776 1252 922 1316 biblioth.
946 1255 1118 1316 Zwiecav.“
1153 1257 1308 1318 Zwicoav.

254 1359 348 1435 1825,
372 1357 452 1420 alter
475 1357 667 1434 chartaceus,
693 1356 822 1420 infimae
846 1353 971 1440 quidem
993 1360 1112 1435 aetatis,
1136 1367 1242 1422 tamen
1265 1357 1309 1422 le-

252 1464 392 1524 ctionum
411 1459 556 1522 bonitate
578 1457 735 1521 interdum
758 1461 901 1544 insignis9
926 1478 943 1519 e
966 1456 1055 1521 bono
1079 1459 1206 1522 fluxisse
1221 1459 1309 1524 vide-

252 1573 303 1626 tur
331 1563 415 1626 libro
443 1561 503 1640 (ci.
527 1560 639 1623 Hertel
661 1584 692 1644 p.
715 1562 775 1640 8.).
822 1561 864 1623 Et
886 1561 1046 1644 antiquior
1068 1571 1100 1624 et
1121 1560 1236 1625 melior
1258 1573 1307 1626 est

253 1664 324 1729 cod.
349 1645 476 1728 membr.
499 1664 777 1750 Noviomagensis,
801 1662 907 1741 seculi,
933 1662 1039 1728 iudice
1061 1663 1215 1744 Hertelio,
1238 1666 1305 1728 ΧΠ.

252 1780 307 1834 aut
321 1771 404 1832 Xlll.
438 1771 606 1831 Praeterea
628 1789 684 1830 ms
708 1789 835 1853 quoque
851 1765 1027 1853 Miggrodii
1049 1767 1204 1831 nonnulla
1225 1767 1307 1832 fides

252 1873 386 1938 videtur:
421 1871 532 1952 Ceteri
547 1891 657 1934 omues
674 1881 729 1934 aut
742 1875 861 1936 minimi
877 1881 930 1934 aut
948 1869 1065 1936 nullius
1087 1893 1216 1958 prorsus
1237 1893 1309 1957 pre-

253 1979 287 2039 tii
317 1987 406 2054 suut,
436 1976 500 2039 duo
530 1975 787 2060 Hamburgenses
812 1975 1065 2040 ›Chemuiceuses
1095 1987 1127 2040 et
1154 1978 1308 2058 pessimus

252 2076 454 2141 Dresdensis.
499 2077 577 2140 Non
605 2080 765 2141 nominavi
794 2076 875 2140 duos
903 2077 1003 2140 libros
1032 2099 1050 2139 a
1079 2080 1196 2140 Beiero
1227 2087 1259 2139 et
1288 2098 1306 2138 a

252 2182 304 2244 Fr.
327 2182 482 2246 Passurio
506 2190 715 2266 comparatos,
737 2180 808 2245 cod.
832 2182 1053 2244 Vinariensem
1076 2201 1099 2242 s.
1123 2179 1308 2244 Soburzllei-

252 2285 413 2349 sehianum
438 2296 470 2350 et
492 2283 563 2348 eod.
588 2283 780 2365 Gothauum,
803 2307 898 2370 quum
920 2284 1046 2348 illorum
1068 2285 1175 2346 variae
1196 2281 1307 2347 lectio-

252 2408 309 2449 nes
339 2390 536 2471 aRupertio
565 2391 628 2450 sint
658 2401 805 2452 enotatae
828 2389 975 2468 (eliud.
1000 2385 1092 2451 codd.
1115 2388 1179 2450 No.
1198 2389 1249 2450 ll.
1274 2397 1306 2451 et

195 2539 201 2550 ,
251 2489 316 2550 Νο.
333 2491 417 2568 24.)
464 2478 537 2565 lam,
560 2488 666 2571 quoad
689 2493 902 2573 antiquissimi,
926 2493 979 2572 qui
997 2499 1133 2564 exstant,
1163 2490 1306 2553 noudum

252 2592 427 2654 accuratius
458 2593 629 2676 comparati
658 2601 732 2654 sunt
761 2588 903 2668 codices,
937 2611 1042 2672 neque
1075 2590 1306 2654 recentioribus

252 2694 339 2758 hisee
368 2715 500 2780 prorsus
526 2715 694 2781 possumus
721 2715 842 2772 carere,
876 2703 1071 2778 quapropter
1092 2691 1149 2756 ubi
1171 2690 1211 2756 de
1233 2696 1308 2756 seri-

252 2806 344 2880 ptura
368 2798 470 2882 aliqua
494 2797 700 2864 dubitandum
725 2807 805 2877 erat,
832 2795 896 2860 illis
926 2818 1054 2882 quoque
1081 2796 1183 2875 libris,
1211 2817 1308 2880 quan-

254 2908 317 2961 tam
341 2898 451 2976 debui,
479 2901 577 2964 tribui
600 2904 827 2964 auctoritatem.
1190 2975 1192 2983 Ι

341 3001 501 3065 luvenalis
518 3001 656 3066 editores
674 3001 748 3086 quid
768 3004 991 3087 praestiterint,
1009 3005 1042 3064 iu
1058 3005 1239 3065 universum
1255 3024 1306 3066 su·

253 3127 310 3189 pra
325 3107 387 3169 iam
403 3109 500 3194 attigi,
522 3127 626 3191 neque
641 3105 739 3170 verba
761 3105 872 3170 faciam
896 3104 936 3169 de
959 3105 1118 3190 prioribus
1141 3104 1204 3170 illis
1220 3108 1305 3170 Heu-

253 3213 339 3288 uinii‚
362 3213 517 3296 Rupertii,
538 3211 712 3275 Achaiutrii
736 3209 938 3285 editionibus,
967 3230 1049 3292 quae
1070 3208 1147 3272 lieet
1168 3208 1306 3274 habeant

253 3336 309 3377 sua
338 3317 464 3390 merita,
493 3316 609 3376 nostris
638 3315 835 3399 temporibus
863 3335 930 3378 non
956 3322 1091 3398 possunt
1116 3313 1306 3378 satisfacere.

253 3414 327 3491 Sed,
349 3436 431 3498 quae
454 3435 555 3499 nuper
576 3417 610 3477 in
631 3415 736 3478 lucem
758 3416 878 3502 prodiit
899 3416 1074 3478 Heinriohii
1090 3414 1205 3492 editio,
1226 3419 1306 3479 miro

255 3539 331 3581 saue
354 3517 421 3580 lato
445 3537 510 3594 usa,
537 3537 632 3600 quum
655 3537 765 3582 omues
788 3537 992 3604 permaguum
1015 3513 1091 3578 inde
1115 3516 1307 3582 emolumen-

254 3631 319 3685 tum
344 3623 526 3684 exstiturum
549 3618 717 3685 crederent
737 3632 869 3708 poetae,
898 3623 949 3685 cui
970 3641 1029 3705 per
1050 3629 1149 3684 totam
1171 3620 1240 3685 fere
1262 3625 1307 3685 vi-

253 3732 316 3788 tam
339 3727 389 3787 vir
409 3723 608 3789 doctissimus
631 3745 761 3809 operam
784 3723 1002 3810 impendisset,
1031 3735 1228 3810 quantopere
1249 3726 1307 3788 bo-

252 3832 372 3892 minum
397 3850 485 3914 spem
507 3825 665 3905 fefellerit,
689 3828 750 3892 dici
773 3831 824 3892 vix
845 3839 962 3915 potest
995 3831 1130 3893 Restant
1151 3831 1234 3892 enim
1256 3836 1306 3892 tot

256 3935 371 4016 inepta,
393 3941 443 3996 tot
460 3932 551 3994 etiam
570 3934 647 3995 novi
661 3933 821 3997 veteribus
844 3934 934 4019 quasi
955 3929 1142 3995 accumulati
1163 3939 1236 3994 sunt
1259 3951 1306 3994 er-

256 4056 355 4113 rores,
378 4034 498 4113 utillo,
521 4034 634 4120 quibus
656 4040 806 4101 maiorem
829 4037 968 4101 attulerit
989 4033 1102 4111 lucem,
1123 4032 1214 4099 nullo
1237 4033 1306 4100 fere

211 4217 216 4231 κ
255 4140 318 4202 siut
332 4158 474 4215 numero,
497 4148 529 4202 et
544 4137 658 4200 acerba
675 4136 810 4227 quidem,
832 4137 890 4203 sed
913 4159 980 4202 uon
1003 4139 1109 4222 iniqua
1132 4149 1307 4225 appareant
