2980 4700
262 327 311 400 30

260 513 352 594 „rarii
374 531 409 576 se
431 513 491 575 iam
515 531 533 574 a
556 509 768 577 locationibus
792 512 989 582 abstinerent
1009 516 1133 583 aedium
1160 539 1320 584 sacrarum

260 614 465 696 ,tuendarum
487 613 703 700 curuliumque
722 637 874 700 equorum
897 603 1152 706 praebendorum
1175 643 1213 685 ac
1235 626 1319 686 simi-

260 719 354 800 ,‚lium
370 719 419 782 his
433 740 546 797 rerum,
569 739 751 784 convenere
774 719 815 785 ad
839 743 895 786 eos
918 724 1109 811 frequentes,
1132 727 1185 813 qui
1207 726 1318 790 bastae

259 824 368 903 „buius
391 826 519 912 generis
542 822 761 903 adsueverant,
783 824 964 912 hortatique
979 849 1137 908 censores,
1160 839 1194 894 ut
1210 833 1314 894 omnia

177 929 183 936 “
259 927 411 1020 ‚,perinde
439 936 585 1015 agerent,
613 925 772 1006 locarent,
800 948 838 992 ac
860 932 886 991 si
909 935 1046 1022 pecunia
1069 936 1102 997 in
1125 935 1246 996 aerario
1268 953 1315 996 es-

259 1038 354 1110 ‚,set.“
369 1029 410 1082 ss-
426 1030 660 1118 Redemptores
677 1033 758 1095 enim
773 1034 841 1096 sive
858 1031 1073 1098 conductores
1093 1037 1242 1101 omnibus
1258 1035 1316 1100 bo-

257 1139 308 1199 nis
326 1134 518 1221 (praedibus
534 1133 753 1221 praediisque)
770 1134 968 1201 locatoribus
984 1148 1105 1216 cavent,
1129 1148 1167 1217 et,
1191 1143 1217 1203 si
1241 1160 1317 1202 con-

259 1249 391 1303 tractum
407 1243 572 1328 negotium
587 1261 653 1304 non
669 1243 904 1325 praestiterunt,
927 1239 1052 1305 locator
1067 1241 1225 1306 bonorum
1240 1263 1318 1306 ven-

258 1342 381 1408 ditione
410 1343 631 1409 detrimentum
659 1365 749 1404 suum
773 1347 1005 1407 reconcinnare
1028 1353 1144 1427 potest.
1191 1345 1316 1408 Eodem

256 1467 355 1533 porro
379 1446 552 1508 adnumero
576 1441 831 1505 centumviralem
855 1445 988 1518 hastam,
1017 1465 1111 1525 quum
1135 1444 1175 1507 ad
1198 1445 1315 1510 iudicia

258 1545 494 1613 centumviralia
505 1546 648 1608 actiones
659 1545 791 1606 maxime
803 1546 1007 1628 pertinerent,
1023 1567 1104 1627 quae
1115 1558 1318 1618 sacramento

255 1650 425 1724 inibantur,
449 1644 536 1730 quod
557 1654 785 1709 sacramentum
803 1650 836 1710 ni
851 1645 1038 1726 solveretur,
1061 1647 1221 1714 bonorum
1236 1672 1314 1714 ven-

256 1749 335 1814 ditio
352 1746 437 1812 haud
453 1747 549 1812 dubie
565 1747 764 1832 sequebatur,
786 1753 831 1814 ita
852 1759 888 1814 ut
907 1768 1027 1829 omnes,
1049 1755 1104 1836 qui
1126 1755 1159 1816 in
1182 1752 1245 1818 hoc
1266 1755 1314 1816 iu-

256 1853 341 1917 dicio
360 1861 501 1940 agerent,
523 1861 618 1938 caput
639 1851 698 1916 sub
721 1853 810 1918 basta
831 1851 1031 1939 praeberent.
1066 1854 1209 1921 Eandem
1226 1855 1314 1919 deni-

255 1976 317 2041 que
340 1957 383 2020 ob
407 1977 542 2034 causam,
563 1963 695 2041 praetor
716 1955 851 2040 quidam,
873 1959 925 2042 qui
948 1958 1094 2042 publicas
1117 1958 1188 2036 illas
1204 1958 1315 2023 vendi-

254 2061 360 2123 tiones
383 2057 558 2137 iaciendas,
589 2057 721 2122 curabat
741 2058 907 2123 bestiarius
932 2058 1034 2146 dictus
1058 2071 1106 2126 est
1128 2063 1188 2141 (cf.
1216 2065 1311 2125 inser.

255 2183 305 2249 ap.
329 2163 420 2229 Grut.
443 2164 550 2244 379.).
594 2161 699 2247 Quam
724 2161 846 2226 hastam
868 2161 1062 2240 ‚,dominam“
1085 2163 1162 2244 dici',
1192 2167 1311 2244 nescio,

255 2267 419 2353 quomodo
441 2269 552 2331 mirum
567 2268 668 2330 visum
692 2275 747 2344 est,
771 2288 865 2351 quum
888 2269 921 2330 in
945 2287 1071 2332 omnem
1093 2289 1158 2332 rem
1182 2269 1314 2333 familie-

255 2392 322 2435 rem
344 2381 513 2456 ceteraque
532 2368 713 2434 dominetur
734 2369 829 2435 bona.
863 2369 986 2435 Eodem
1010 2372 1077 2436 iere
1100 2371 1198 2437 modo
1221 2373 1313 2438 licto-

255 2496 323 2539 rum
347 2474 448 2538 lasces
470 2471 592 2537 domini
613 2477 817 2539 nominantur
838 2495 856 2536 e
878 2474 975 2559 Prop.
991 2475 1048 2537 IV.
1064 2477 1093 2551 9,
1109 2477 1162 2538 23.
1182 2477 1310 2539 Lacbm.

255 2577 380 2663 ,Quum
402 2577 460 2642 tibi
483 2579 631 2641 Romano
656 2576 800 2641 dominas
826 2579 861 2640 in
885 2575 1009 2640 bonore
1038 2597 1179 2654 secures,
1210 2578 1251 2640 Et
1273 2576 1310 2641 li-

254 2692 342 2762 „ceat
362 2680 475 2747 medio
492 2703 615 2767 ponere
636 2684 704 2746 iura
727 2681 829 2744 loro.“
865 2679 979 2765 Neque
1000 2681 1151 2743 maiorem
1174 2676 1311 2742 difficul-

255 2795 350 2850 tatem
374 2785 563 2851 adiectivum
584 2784 738 2863 ‚,venale“
760 2783 870 2858 babet;
900 2793 995 2869 caput
1024 2786 1107 2848 enim
1133 2781 1191 2846 sub
1220 2783 1309 2846 basta

254 2890 432 2974 praebitum
454 2887 568 2951 venale
590 2896 647 2948 est.

342 2992 547 3075 Inspiciamus
563 3009 649 3052 nunc
662 2995 763 3051 totum
780 2985 864 3049 bunc
877 2986 1037 3051 luvenalis
1054 2987 1168 3054 locum.
1201 2989 1309 3074 Quum

254 3096 340 3161 dicat
361 3102 473 3181 poeta,
495 3094 603 3158 vivant
625 3093 757 3169 Romae,

361 3225 428 3287 Quis
446 3223 528 3275 facile
546 3227 590 3274 est
608 3225 703 3274 aedem
721 3225 888 3289 conducere,
906 3219 1029 3290 flumine,
1052 3227 1156 3289 portus,

359 3311 518 3360 siccandam
537 3310 667 3375 eluviem,
687 3312 847 3372 portandum
865 3311 899 3360 ad
917 3311 997 3359 busta
1014 3310 1131 3360 cadaver

360 3395 396 3442 nt
412 3394 544 3454 praebere
561 3396 643 3455 caput
660 3395 768 3445 domina
785 3396 883 3445 venale
900 3396 950 3444 rub
968 3398 1054 3446 hasta.

253 3522 327 3565 num
351 3497 481 3564 dubium
505 3518 574 3560 esse
595 3507 715 3583 potest,
746 3521 814 3564 eam
836 3499 968 3564 indicari
990 3502 1125 3580 hastam,
1147 3523 1228 3587 quae
1250 3500 1307 3565 bo·

254 3625 366 3669 norum
381 3600 597 3667 venditionem
621 3602 787 3688 signifieat,
811 3613 842 3668 et
861 3605 953 3666 etiam
971 3605 1004 3666 in
1022 3603 1236 3670 locationibus
1249 3627 1308 3690 pu-

252 3706 344 3772 blicis
368 3705 506 3770 adbibita
531 3707 572 3769 sit
591 3705 650 3785 (cl.
668 3707 735 3770 Liv.
759 3706 779 3770 l.
796 3705 847 3785 1.).
881 3706 948 3790 Qui
968 3711 1051 3771 enim
1073 3708 1210 3786 flumina,
1234 3729 1306 3792 por-

252 3820 302 3876 tus
332 3821 391 3876 etc.
422 3809 618 3886 conducunt,
647 3811 679 3872 in
701 3809 761 3872 bac
783 3831 951 3895 operarum
974 3809 1188 3875 conductione
1211 3819 1306 3893 caput

252 3935 342 3978 suum
357 3914 516 3979 bonorum
531 3913 717 3990 venditioni,
739 3912 771 3976 id
794 3924 843 3976 est
864 3916 971 3977 hastae
994 3913 1152 3977 subiciunt
1166 3933 1306 3976 omnem-

253 4039 315 4104 que
343 4039 409 4082 rem
437 4016 620 4082 familiarem
648 4020 682 4081 in
712 4016 880 4082 discrimen
907 4025 1034 4080 vocant.
1079 4016 1190 4102 Opere
1221 4019 1305 4082 enirn

252 4130 401 4206 suscepto
423 4141 527 4204 neque
549 4118 693 4205 perlecto
718 4141 842 4185 omnem
864 4122 1103 4206 possessionem
1126 4123 1172 4186 rei
1203 4120 1306 4207 publi·

1458 4621 1460 4651 l
