2980 4700
268 343 319 416 82

272 527 360 613 Quid
389 528 471 591 enim
499 524 610 602 relert,
639 527 665 588 si
690 533 722 588 et
742 522 910 590 ridiculum
933 531 964 586 et
986 521 1116 610 longius
1140 529 1327 594 arcessitum

272 641 322 696 est
342 628 422 694 illud
444 626 611 715 gaudium?
633 626 761 692 Vellem
782 638 895 708 autem,
917 648 958 692 ne
973 626 1114 692 Orellius
1137 631 1222 712 piam
1246 631 1330 696 lianc

273 734 546 808 exclamationem,
575 752 668 814 quam
697 732 768 816 ipse
793 734 885 796 nimis
912 729 1058 818 frigidam
1083 740 1173 795 antea
1197 731 1328 811 dixerat,

272 835 384 902 Ovidii
398 835 503 900 verbis
526 836 669 914 (metam.
684 835 723 898 X.
745 836 857 916 aba),
880 833 1006 912 similis,
1029 844 1065 899 ut
1086 843 1184 921 putat,
1205 834 1327 901 eoloris
1405 859 1412 872 ·

273 940 446 1006 defendere
468 940 697 1023 temptavisset:

274 1091 283 1119 ι
379 1063 511 1117 Gentibus
527 1062 649 1114 Ismariis
666 1065 695 1114 et
711 1065 805 1113 nostro
823 1062 948 1126 grauiter
966 1060 1040 1124 orbi;

350 1173 353 1178 Δ
379 1151 508 1203 Gratulor
525 1148 587 1200 buin
605 1152 709 1211 terrae,
727 1150 797 1212 qued
815 1149 893 1200 abest
909 1145 1067 1211 regionibus
1085 1146 1150 1214 illis,

379 1238 456 1298 Quae
474 1239 579 1288 tanturn
596 1247 717 1300 genuere
734 1231 824 1308 neiaal
841 1277 843 1284 .

274 1367 355 1433 quae
368 1346 468 1410 verba
484 1346 562 1412 nihil
578 1345 804 1422 demonstrant,
826 1345 888 1408 nisi
907 1345 1066 1408 scitiorem
1086 1343 1329 1430 elegantiorem·
1362 1361 1365 1371 '

274 1472 336 1536 qne
358 1451 454 1512 fuisse
469 1448 632 1528 Ovidium,
655 1469 746 1532 quam
769 1433 916 1510 miserum
938 1447 1022 1510 hune
1043 1456 1178 1531 poetam.
1220 1448 1327 1534 Magis

192 1538 193 1545 ἵ
275 1556 367 1616 etiam
391 1554 442 1615 isti
464 1572 618 1638 nugarum
640 1549 729 1636 pleni
746 1570 856 1614 versus
879 1559 1039 1614 torserunt
1053 1551 1250 1632 Rupertium,
1273 1554 1328 1634 qui

274 1655 372 1720 modo
393 1655 523 1732 „demde
539 1664 570 1717 et
587 1654 706 1718 iacete“
722 1657 866 1738 scriptos,
888 1651 996 1716 mode
1009 1649 1188 1739 languidos
1211 1651 1329 1716 deinde

274 1762 365 1823 nimis
381 1757 503 1835 doctos
525 1766 688 1842 postremo
705 1767 808 1821 autem
826 1758 973 1844 egregios
989 1754 1139 1841 appellat,
1154 1739 1329 1822 dummodn

276 1859 443 1928 Volusium
467 1870 608 1924 veterum
633 1860 912 1946 philosophorum,
943 1861 996 1943 qui
1019 1844 1218 1946 igne'totum
1242 1882 1331 1923 mun-

276 1965 349 2028 dum
372 1967 448 2050 regi,
472 1965 608 2040 animari,
631 1962 757 2026 lustrari
773 1961 918 2039 doceant,
942 1964 1096 2046 opinione
1111 1962 1262 2026 imbutum
1277 1963 1330 2026 de·

274 2064 370 2130 rideri
392 2075 495 2151 putes.
541 2064 606 2128 Sed
628 2068 722 2127 missa
745 2065 895 2128 faciamus
920 2064 1014 2140 haec,
1043 2075 1079 2127 ut
1109 2065 1150 2128 ad
1180 2069 1329 2130 maiorem

276 2171 368 2234 etiam
391 2167 659 2256 transgrediamur
680 2168 849 2233 vesaniam.
875 2165 1078 2250 'Sequuntur
1100 2190 1225 2233 versus:

826 2293 879 2343 uad
897 2291 944 2356 qui
960 2293 1085 2344 mordere
1103 2295 1221 2346 nadaver

381 2379 524 2448 sustinuit,
544 2381 583 2430 nil
600 2393 725 2443 umquam
742 2381 793 2429 hac
810 2389 894 2429 earne
910 2379 1039 2432 libentius
1058 2380 1123 2432 edit.

274 2481 356 2567 Mira
379 2478 527 2562 prolecto
551 2483 719 2543 sententia!
750 2500 791 2542 an
813 2501 898 2557 vera,
921 2483 1046 2558 nescim
1076 2482 1133 2547 sed
1156 2486 1209 2567 qui
1232 2494 1330 2566 poeta

275 2581 350 2646 talia
364 2580 507 2645 versibus
529 2583 636 2665 potuit
657 2580 814 2661 mandare,
837 2585 935 2648 invita
952 2584 1099 2651 Minerva
1118 2588 1253 2650 earmina
1273 2608 1330 2669 pe-

274 2688 365 2772 pigit.
409 2685 524 2768 Neque
553 2685 655 2749 minus
684 2683 796 2764 foede,
826 2708 906 2772 quae
929 2699 1117 2775 sequuntur,
1142 2684 1329 2772 procedunt,

274 2799 410 2872 namque
432 2789 568 2874 ineptias
592 2789 752 2872 excipiunt
774 2791 926 2875 ineptiaez

380 2933 446 2980 Nam
465 2933 572 2982 seelera
589 2931 617 2980 ln
636 2936 712 2982 tanto
731 2944 765 2981 ne
784 2944 899 2993 quaeras
917 2936 946 2982 et
963 2933 1082 3000 dubites,
1102 2949 1137 2984 ar

291 3011 344 3082 90)
380 3015 470 3066 Prima
487 3019 656 3079 voluptatem
673 3018 739 3080 gina
755 3015 881 3066 senserit.
917 3017 1031 3066 Ultimus
1049 3023 1140 3066 autem

381 3102 434 3164 Qui
452 3102 543 3169 stetit,
562 3105 703 3166 absumpto
721 3102 774 3156 iam
794 3105 852 3152 toto
871 3113 999 3168 eorpore,
1019 3101 1108 3152 ductis

381 3187 434 3237 Per
453 3191 551 3240 terram
570 3187 677 3256 digitis,
698 3187 797 3251 aliquid
816 3189 850 3240 de
868 3189 1002 3254 sanguine
1020 3192 1121 3252 gustat.

363 3307 406 3368 Et
429 3311 559 3373 omnino
584 3311 676 3375 etiam
697 3317 824 3393 poetae,
850 3316 1019 3394 postquam
1043 3308 1083 3372 de
1107 3309 1242 3396 egregiis
1265 3305 1329 3371 illis

221 3452 231 3496 Ι
276 3407 417 3493 cupediis
434 3407 517 3487 dixit,
539 3409 628 3474 nulla
650 3410 710 3474 alia
733 3415 890 3476 sententia
905 3409 1031 3475 videtur
1047 3411 1213 3496 placuisse,
1234 3429 1329 3494 quarn

276 3532 356 3596 quae
379 3508 455 3573 illuc
478 3522 612 3597 spectat,
642 3536 752 3599 quare,
781 3515 970 3598 ubicumque
992 3523 1113 3599 potest,
1142 3513 1330 3598 plerumque

275 3613 386 3678 iisdem
409 3612 528 3693 verbis,
556 3634 632 3677 raro¹
657 3617 822 3700 paululum
850 3617 1034 3696 immutatis,
1061 3619 1179 3704 ingerit
1206 3639 1274 3682 eam
1298 3628 1330 3680 et

275 3717 413 3780 inculcat
427 3717 468 3780 ad
483 3721 657 3782 satietatem
675 3741 788 3802 usque,
813 3722 859 3781 sic
873 3743 903 3782 v.
919 3723 971 3784 93.
996 3723 1182 3800 „Vascones
1198 3757 1238 3772 -
1256 3719 1328 3781 ali-

276 3821 438 3898 „mentis
462 3820 613 3886 talibus
637 3821 712 3886 olim
734 3818 915 3905 produxere
938 3826 1088 3900 animas;“
1104 3847 1153 3886 vv.
1169 3825 1211 3886 97
1228 3831 1260 3882 et
1273 3820 1328 3884 98.

276 3923 394 3997 „Huius
418 3925 509 4000 enim,
532 3923 618 4008 quod
641 3945 726 3988 nune
747 3925 857 4010 agitur,
880 3924 1059 3989 miserabile
1082 3925 1178 3990 debet
1193 3923 1330 3986 Exem-

278 4022 403 4108 „plum
420 4045 489 4086 esse
505 4024 618 4100 eibi;“
635 4050 686 4090 vv.
704 4027 768 4091 17⁰
783 4036 816 4090 et
833 4029 906 4093 171.
922 4038 1077 4114 „pectora
1092 4025 1229 4104 brachia,
1243 4024 1338 4110 vul-¹

278 4135 377 4196 „tum
400 4123 592 4188 crediderint
614 4147 741 4212 genus
765 4148 835 4192 esse
857 4129 943 4194 eibi.
968 4141 1028 4196 ete.
1050 4138 1129 4196 ete“
