2980 4700
266 373 316 448 ὅ)

266 572 330 626 tum
354 561 392 624 ab
415 563 502 623 omni
524 547 619 645 poesi¹
637 581 768 647 prorsus
792 561 915 627 alienae
938 575 1022 643 sunt,
1052 577 1138 632 tauta
1163 571 1258 658 copia
1288 579 1322 639 in

265 666 328 728 hoc
355 667 492 758 carmine
521 665 694 743 invenitur,
724 675 773 744 ut,
801 688 842 732 ue
868 671 981 732 nimius
1004 671 1060 732 sim
1085 673 1117 733 in
1141 693 1176 736 re
1200 697 1261 758 per
1283 699 1321 741 se

253 763 326 833 'iam
353 768 490 832 molesta
519 777 614 852 atque
641 768 829 848 iniucunda,
858 792 895 836 ea
918 781 1038 835 tantum
1059 774 1093 835 in
1113 773 1250 840 medium
1275 781 1323 842 af-

265 871 347 936 ferre
359 872 571 936 necessarium
583 873 703 951 ducam,
719 894 800 957 quae
815 877 1012 958 apertissime
1024 876 1205 959 opinionem
1216 901 1318 944 meam

266 975 482 1062 comprobant.
530 974 701 1039 Videamus
724 979 821 1063 igitur
842 1001 893 1040 vv.
909 980 1068 1042 35-42.

766 1119 891 1168 Summus
910 1117 1044 1180 utrimque

369 1203 434 1252 lude
453 1201 530 1252 turor
548 1203 642 1268 volgo,
661 1203 731 1264 quod
749 1203 859 1254 numina
877 1203 1027 1253 vicinorum

370 1287 434 1339 oon
451 1291 565 1352 uterque
584 1289 672 1354 locus,
691 1301 772 1352 quum
790 1290 867 1339 solos
885 1289 979 1340 eredat
996 1290 1133 1340 habendos

368 1375 440 1424 Esse
458 1375 534 1442 deoc,
553 1387 620 1437 quos
638 1374 698 1436 ipse
716 1373 789 1424 colit.
827 1375 882 1424 Sed
900 1378 1021 1436 tempore
1041 1375 1114 1426 festo

368 1460 489 1511 Alterius
507 1459 599 1523 populi
617 1459 747 1522 rapienda
765 1460 876 1510 occasio
892 1459 999 1510 cunctis

280 1540 332 1611 40)
368 1545 437 1596 Visa
455 1545 624 1595 inimicorum
642 1545 804 1607 primoribus
822 1559 855 1596 oo
874 1545 996 1612 ducibus,
1017 1559 1053 1596 ne

367 1633 482 1680 Laetum
499 1630 664 1694 hilaremque
682 1631 763 1697 dicun
782 1643 816 1680 ue
834 1644 950 1695 magnae
968 1630 1068 1695 gandia
1085 1643 1188 1682 coenae

368 1717 517 1783 mutirent,
535 1717 633 1780 positis
652 1720 685 1768 ad
704 1719 806 1780 templa
823 1721 851 1768 et
870 1716 988 1778 compito
1004 1717 1115 1783 mensis,

156 1860 162 1872 ¹
261 1837 300 1901 ln
322 1837 369 1900 his
391 1839 525 1922 primum
548 1835 762 1924 neglegentia,
785 1858 867 1922 quae
889 1845 988 1900 totam
1011 1839 1148 1920 priorem
1171 1837 1318 1899 carminis

261 1949 383 2025 partem
404 1941 570 2026 perturbat
592 1951 686 2025 atque
709 1939 860 2004 obscurat
881 1937 1076 2024 multumque
1099 1939 1241 2003 homines
1260 1938 1319 2002 do-

262 2051 331 2104 ctos
355 2047 487 2120 vexavit,
509 2039 774 2127 reprehendenda
797 2051 871 2104 est·
895 2041 1001 2124 Quum
1026 2045 1109 2105 enim
1133 2052 1223 2106 antea
1239 2042 1317 2105 Om-

260 2143 342 2210 bitas
366 2155 398 2208 et
421 2147 607 2229 Tentyrites
630 2127 907 2209 commemorasset
928 2159 1038 2228 poeta,
1070 2155 1102 2207 et
1124 2167 1154 2207 v.
1170 2147 1222 2208 39.
1245 2165 1316 2227 per-

261 2257 317 2338 gat
337 2248 490 2328 „alterius
513 2248 659 2336 populi“‚
682 2271 776 2314 nemo
799 2247 980 2333 perspicere
1003 2255 1119 2331 potest,
1143 2258 1241 2312 utram
1258 2266 1317 2330 po-

261 2354 412 2415 tissimum
441 2362 569 2439 gentem
597 2351 734 2439 intelligi
764 2341 917 2426 voluerit3
947 2371 1011 2436 quo
1041 2372 1118 2416 sane
1147 2360 1316 2434 tantopere

260 2474 327 2517 non
344 2452 588 2530 offenderemur,
611 2457 672 2516 nisi
687 2457 720 2517 in
737 2453 943 2536 sequentibus
958 2453 1055 2518 modo
1072 2453 1195 2532 dehac,
1217 2452 1315 2516 modo

261 2554 302 2619 de
329 2553 399 2632 illa,
427 2553 526 2617 modo
549 2553 590 2618 de
613 2565 745 2640 utraque
771 2564 861 2639 parte
887 2553 1013 2619 locutus
1039 2567 1150 2641 aperte
1173 2556 1317 2621 eluderet

259 2645 407 2722 lectores
452 2657 540 2721 Dicit
563 2660 645 2721 enim
668 2680 697 2720 v.
717 2659 768 2722 48.
791 2655 920 2734 ‚,inde“‚
949 2681 978 2720 v.
1002 2661 1054 2722 51.
1078 2633 1205 2739 ‚,h'r'nc‘ss
1234 2677 1315 2742 quae

260 2783 328 2828 non
349 2759 482 2840 habent,
505 2782 569 2847 quo
592 2761 783 2836 referentum
812 2763 873 2823 iam
896 2782 975 2825 vero
998 2771 1073 2847 post
1095 2767 1223 2849 triginta
1245 2761 1314 2824 lere

260 2887 371 2930 versus
387 2868 530 2950 sequitur
552 2863 675 2944 „altera
696 2887 769 2950 pars
778 2869 794 2898 “
817 2867 965 2943 (v.‚73.)‚
989 2865 1029 2927 de
1052 2864 1164 2928 iisdem
1186 2863 1265 2944 illis,
1280 2875 1317 2927 nt

261 2991 299 3034 ex
327 2971 426 3032 totius
455 2966 571 3053 proelii
601 2978 716 3031 eventu
745 2969 892 3028 conicere
920 2987 1102 3046 possumus,
1134 2970 1187 3046 qui
1218 2987 1316 3046 supra

260 3097 290 3140 v.
306 3075 359 3139 39.
384 3071 667 3160 εἰςηὶᾖοθιίωηῐ
686 3067 792 3132 verbis
815 3063 963 3142 „alterius
986 3063 1130 3148 populi“.
1168 3065 1195 3126 E
1218 3084 1313 3126 versu

261 3175 399 3264 denique
427 3179 482 3254 76,
512 3173 659 3239 Ombitas
688 3183 776 3258 terga
804 3171 950 3246 vertisse,
980 3167 1166 3250 Tentyrites
1196 3167 1315 3228 instare

260 3279 492 3366 trepidantibus
515 3287 660 3363 apparet3
685 3277 813 3364 egregia
829 3271 951 3337 scilicet
967 3281 998 3336 et
1013 3268 1118 3357 digna,
1142 3291 1235 3356 quam
1248 3271 1316 3332 imi-

261 3393 373 3459 temur,
404 3367 590 3466 descriptiol

349 3480 413 3548 Sed
436 3483 602 3546 redeamus
626 3481 753 3546 adrem
777 3489 931 3552 nostram;
963 3474 1130 3540 dicendum
1159 3491 1206 3537 est
1231 3474 1313 3535 enim

261 3588 302 3653 de
325 3586 550 3653 sententiarum
569 3587 703 3649 ratione.
737 3584 810 3664 lam,
834 3601 963 3667 quaeso,
986 3599 1066 3665 quae
1082 3587 1113 3640 et
1129 3597 1220 3661 quam
1235 3578 1315 3639 mira

260 3693 340 3755 haec
362 3703 409 3756 est
431 3691 630 3778 perversitas,
653 3687 748 3774 quod,
772 3683 866 3770 quum
885 3683 990 3746 multis
1005 3681 1149 3746 versibus
1165 3677 1198 3744 id
1214 3681 1316 3764 egerit

260 3804 367 3881 poeta,
389 3805 425 3857 ut
447 3816 487 3858 eo
511 3796 689 3882 graviorem
712 3788 942 3853 demonstraret
958 3787 1190 3873 Aegyptiorum
1214 3777 1314 3843 foedi-

262 3905 366 3978 tatem,
388 3899 461 3984 quia
484 3901 650 3982 universus
673 3891 811 3980 populns
834 3889 914 3956 illud
937 3888 1091 3980 flagitium
1110 3883 1314 3950 commiserit:

297 4020 354 4068 Nos
371 4019 448 4082 volgi
464 4020 559 4070 soclus
578 4023 607 4068 et
624 4015 731 4068 cunetis
750 4014 878 4077 graviora
895 4011 1033 4066 cothurnis
1052 3999 1247 4073 (referemus),

296 4103 365 4152 Nam
382 4105 486 4168 scelus,
502 4117 521 4154 a
536 4103 643 4164 Pyrrha
661 4111 818 4164 quamquam
838 4099 928 4150 omnio
945 4099 1067 4162 ayruun
1084 4093 1190 4155 volvas,

297 4186 394 4235 Nullus
412 4188 483 4246 apud
500 4185 622 4249 tragicos
641 4187 756 4246 populus
774 4182 841 4235 tacit
859 4186 913 4232 etc.
