2980 4700
278 315 328 388 92

280 509 314 564 et
335 521 353 563 e
376 521 426 562 vv.
444 499 507 600 lli
533 508 565 562 et
586 517 653 582 sqq.

385 633 429 684 Nil
448 633 500 683 erit
518 631 643 698 ulterius,
661 631 732 694 quod
750 630 852 682 nostris
870 629 988 682 moribus
1006 634 1085 684 addat

386 719 552 782 Posteritns3
573 719 666 768 eadem
684 716 794 778 cupient
812 716 967 780 facientque
985 717 1102 768 minores

385 807 471 856 Omne
491 804 519 854 in
537 802 681 867 praecipiti
698 801 794 852 vitium
811 802 889 852 stetit
907 806 960 852 eto.

279 915 388 980 Altera
409 925 512 979 autem
535 913 739 999 interpolatio
762 915 796 975 in
812 911 922 976 codice
933 915 1104 992 Vossiano,
1128 935 1219 999 quam
1234 917 1334 980 Fran-

279 1019 368 1083 clrius
390 1019 474 1082 bene
496 1022 557 1082 iam
581 1020 713 1104 agnovit
736 1020 787 1101 (p.
805 1019 854 1080 78.
863 1020 884 1095 ),
906 1017 991 1079 hunc
1013 1016 1111 1080 finem
1126 1021 1211 1082 vitae
1230 1021 1257 1081 l.
1280 1027 1336 1104 ap-

254 1149 261 1160 ,
278 1125 399 1208 posuit:
413 1124 551 1199 „Verum
566 1123 648 1185 intra
664 1120 880 1183 brevissimum
896 1129 1019 1204 tempus
1030 1115 1115 1194 dedo
1126 1117 1227 1196 αὐτός
1242 1126 1336 1186 ascri·

279 1224 380 1303 „bitur
396 1224 540 1288 divorum
565 1224 663 1287 ehoro
686 1226 916 1307 revertiturque
938 1222 1097 1287 luvenalis
1112 1226 1255 1303 Romam,
1280 1229 1334 1309 qui

279 1327 424 1406 „tandem
440 1327 479 1392 ad
495 1329 622 1391 Nervae
641 1337 673 1407 et
690 1329 818 1391 Traiani
834 1329 1041 1411 principatum
1060 1331 1267 1412 supervivens
1285 1350 1334 1392 se-

269 1430 349 1508 '„nio
375 1439 406 1494 et
429 1431 536 1494 taedio
559 1435 642 1494 vitae
666 1431 830 1494 confectus
851 1442 1074 1514 properantem
1097 1434 1238 1516 spiritum
1261 1453 1332 1494 cum

278 1537 373 1613 „tussi
403 1537 552 1619 exspuit.“
592 1535 708 1597 lterum
737 1534 847 1611 miror,
874 1533 962 1617 quod
984 1536 1196 1611 Hermonem,
1224 1533 1333 1612 verba,

279 1659 360 1721 quae
389 1637 585 1701 manifestam
614 1637 870 1722 interpolationis
897 1641 1035 1722 speciem
1061 1637 1333 1723 praescierunt,

282 1739 456 1803 defendere
480 1751 621 1819 conatus,
644 1740 776 1803 eandem
799 1741 869 1819 iltis,
897 1763 988 1826 quam
1013 1745 1134 1820 ceteris,
1162 1739 1258 1804 fidem
1280 1743 1334 1804 tri-

278 1843 435 1922 buendam
460 1865 530 1908 esse
552 1844 724 1930 perhibuit;
755 1847 822 1922 „ita
852 1847 934 1908 enim
964 1855 1145 1930 comparata
1175 1866 1258 1922 esse,
1286 1853 1329 1921 ut,

278 1948 348 2024 „vel
371 1952 397 2010 si
420 1947 549 2012 aliunde
572 1947 682 2012 adsuta
700 1946 875 2025 videantur,
896 1958 1002 2011 tamen
1025 1951 1195 2033 antiquitus
1217 1946 1330 2012 tradita
1418 2003 1421 2008 .

277 2071 365 2128 „esse
380 2051 527 2129 debeant
551 2055 624 2135 quia
646 2062 707 2114 tam
730 2049 901 2136 singularia
921 2073 963 2114 ne
981 2073 1119 2115 summus
1135 2049 1259 2136 quidem
1274 2071 1332 2113 nu-

278 2164 388 2240 „gator
411 2177 448 2218 ex
470 2158 602 2242 ingenio
626 2157 765 2237 arripere
787 2157 956 2239 potuerit.“
989 2153 1082 2238 Quae
1103 2153 1246 2239 equidem
1260 2156 1330 2217 viro
1436 2147 1439 2156 ’

279 2257 463 2322 doctissimo
487 2257 664 2323 concedere
687 2279 828 2342 nequeo,
851 2280 947 2343 quum
970 2258 1102 2343 ubique,
1129 2279 1210 2343 quae
1231 2255 1331 2320 multo

278 2364 377 2446 magis
401 2365 478 2425 mira
501 2373 575 2426 sunt
598 2372 629 2426 et
652 2361 781 2438 absona,
804 2361 874 2424 sola
895 2360 1041 2448 fingendi
1061 2361 1193 2425 libidine
1210 2364 1333 2448 excogi-

278 2472 342 2526 tata
363 2485 432 2526 esse
452 2468 484 2526 in
506 2466 723 2549 superioribus
741 2464 836 2549 plane
855 2475 1028 2550 aperteque
1044 2463 1332 2528 demonstraverim.

279 2547 535 2631 Declaratur⁸ex
563 2567 622 2629 hac
647 2565 897 2651 interpolatione
919 2568 1109 2653 reliquarum
1132 2570 1264 2630 vitarum
1287 2565 1334 2630 di-

279 2673 464 2754 screpantia,
487 2693 582 2755 quum
598 2673 652 2734 vit.
668 2673 707 2748 2.,
731 2692 823 2755 quam
845 2693 941 2755 supra
965 2675 1024 2734 iam
1047 2668 1188 2732 codicem
1200 2670 1333 2730 Vossia-

278 2795 353 2838 num
382 2777 414 2838 in
443 2778 626 2838 narratione
656 2773 696 2838 de
724 2778 1078 2860 poetae‘taciturnitate
1101 2781 1238 2836 secutam
1262 2793 1332 2835 esse

279 2880 397 2954 monui,
419 2879 481 2941 hoc
504 2900 632 2962 quoque
651 2877 726 2942 loco
748 2877 906 2943 luvenalis
922 2881 1056 2941 Romam
1080 2881 1247 2939 revertisse
1271 2885 1332 2938 tra-

279 2978 381 3043 datur.
419 2981 485 3044 Vit.
501 2982 531 3044 3.
554 2981 634 3046 illud
657 2985 779 3061 omittit,
801 2991 927 3067 poetam
950 2983 1050 3062 prima
1074 2988 1177 3040 aetate
1200 2976 1332 3056 siluisse,

280 3082 338 3148 scd
360 3083 440 3147 haec
464 3087 555 3148 etiam
578 3094 705 3170 poetam
727 3089 761 3149 in
780 3085 873 3150 exilio
889 3092 1046 3146 mortuum
1063 3101 1132 3144 esse
1147 3079 1253 3158 finxit,
1275 3082 1333 3142 ita-

280 3211 341 3273 que
371 3189 637 3272 interpolationes
664 3188 735 3252 illas
762 3193 898 3274 scriptor
921 3191 987 3250 eius
1010 3189 1177 3273 ignorasse
1199 3183 1333 3261 videtur,

278 3292 425 3376 idemque
449 3292 617 3357 dicendum
641 3301 689 3355 est
711 3291 752 3354 de
774 3296 839 3355 vita
860 3294 890 3356 4.
915 3301 946 3355 et
968 3289 1009 3354 de
1031 3293 1095 3354 vita
1120 3312 1137 3352 e
1159 3289 1276 3350 Divaei
1298 3285 1334 3348 li-

279 3394 338 3456 bro
368 3416 439 3471 ms,
469 3418 559 3480 quam
586 3417 679 3480 sopra
706 3398 809 3479 posui.
856 3394 1008 3460 Ceterum
1036 3392 1120 3457 idem
1150 3389 1205 3454 illc
1231 3387 1333 3451 codex

279 3498 458 3562 Vossianus
488 3496 528 3559 dc
559 3497 718 3561 luvenalis
742 3501 845 3582 patria
868 3517 995 3583 quoque
1022 3499 1148 3559 intrusit
1170 3489 1333 3576 quaedam,

279 3612 355 3687 post
370 3601 468 3666 verba
483 3604 566 3666 vitae
583 3604 612 3664 l.
634 3604 804 3679 „incertum
828 3601 913 3666 iilius
936 3622 976 3663 an
1000 3599 1161 3663 alumnus“
1177 3592 1296 3658 addens
1307 3595 1333 3672 ¹)

277 3727 334 3782 „ex
345 3707 502 3790 Aquino
516 3705 709 3770 Volscorum
722 3702 843 3786 oppido
857 3703 1018 3782 oriundus,
1030 3700 1226 3786 temporibus
1238 3696 1334 3761 Clau-

279 3808 341 3886 „dii
355 3811 521 3885 Neronis“‚
544 3831 581 3872 ex
605 3806 717 3892 quibus
733 3806 828 3866 vitam
844 3809 884 3883 2.,
908 3827 989 3889 quae
1006 3815 1126 3868 ceteras
1144 3820 1270 3887 quoque
1285 3820 1334 3861 se-

280 3915 385 3994 quitur
406 3910 684 3997 interpolationes
713 3909 835 3970 initium
857 3909 999 3973 hausisse
1021 3916 1123 3992 patet,
1151 3899 1333 3981 „luvenalis

279 4055 480 4067 *m-

351 4091 384 4195 ll
408 4129 437 4184 cl
459 4128 676 4205 Franck.p.17.
