2980 4700
1161 344 1206 413 19

146 524 319 586 Lacernam
348 524 487 586 virorum
516 531 636 586 tantum
665 530 787 584 vestem
816 521 915 587 hrisse
947 523 1115 609 probabile
1148 539 1203 604 est,

147 648 243 711 quum
257 627 291 688 in
306 635 396 690 tanto
412 623 636 710 exemplorum,
659 644 740 708 quae
764 633 895 705 exstant,
918 647 1060 705 numero,
1082 627 1204 694 nullum

146 733 333 808 inveniatur,
356 729 412 793 ubi
435 726 583 791 mulieres
606 731 645 791 iis
668 728 799 790 amictae
818 731 895 802 sint;
918 729 1204 812 superinducbatur

146 843 251 899 autem
276 844 373 920 togae
395 829 551 916 pulveriS,
578 829 721 915 pluviae,
751 830 879 916 frigoris
903 830 1033 894 arcendi
1055 855 1149 898 causa
1163 838 1203 915 ¹),

145 938 286 1022 ideoque
314 939 348 998 in
376 933 542 997 itineribus
569 937 701 998 maxime
731 944 763 997 et
792 932 1048 1017 expeditionibus
1080 934 1203 1001 bellicis

146 1061 217 1104 eam
246 1037 415 1102 adhibitam
445 1057 514 1100 esse
544 1040 729 1123 apparet²).
775 1037 869 1121 Quae
898 1059 994 1121 quum
1020 1039 1065 1102 ita
1091 1059 1126 1104 se
1151 1040 1203 1103 ha-

144 1143 250 1220 beant,
265 1140 340 1228 quid
356 1139 536 1225 simplicius,
559 1141 634 1224 quid
649 1144 697 1205 rei
713 1144 822 1226 aptius,
846 1162 938 1224 quam
954 1140 1107 1206 blandum
1122 1143 1198 1207 mol-

27 1269 29 1274 ’
126 1245 272 1329 ¹lemque
295 1252 468 1307 amatorem
488 1243 615 1320 amicae,
637 1263 678 1306 ne
700 1243 833 1327 pulvere
855 1245 1079 1327 inquinaretur,
1101 1257 1200 1312 vento

145 1347 315 1426 afflaretur,
337 1345 444 1431 pluvia
457 1344 653 1423 madefieret,
668 1367 756 1410 suam
770 1347 917 1411 iniecisse
932 1343 1104 1423 lacernam;
1128 1372 1201 1433 qua-

142 1460 277 1537 propter
303 1453 373 1514 iure
401 1470 488 1513 nunc
516 1452 691 1536 exagitatur
719 1473 738 1514 a
765 1459 877 1536 poeta,
905 1447 993 1534 quod
1020 1451 1139 1535 aspiret
1160 1452 1201 1516 ad

143 1554 362 1640 praefecturae
377 1553 519 1617 cohortis
537 1553 701 1633 honorem,
724 1575 818 1640 quem
840 1573 907 1617 non
930 1551 1051 1638 pudeat
1072 1553 1200 1638 publice

140 1660 302 1722 meretrici
323 1677 395 1720 sese
417 1659 534 1720 iactare
556 1657 615 1720 hac
637 1667 705 1722 arte
728 1681 746 1722 a
768 1657 864 1722 bonis
887 1667 1030 1721 veterum
1057 1658 1200 1724 moribus

127 1750 312 1847 'tantopere
329 1760 530 1838 abhorrente,
552 1782 646 1845 quem
668 1782 735 1826 non
758 1761 887 1847 pudeat,
908 1764 1103 1826 meretricem
1126 1763 1201 1826 ridi-

142 1863 216 1927 culo
231 1865 296 1927 hoc
309 1862 408 1927 modo
425 1885 500 1926 cura
515 1884 572 1926 sua
588 1863 745 1948 amplecti.
781 1865 859 1928 Nou
874 1863 988 1940 habeo,
1011 1886 1092 1956 quac
1108 1865 1200 1928 Mad-

140 1969 220 2054 vigii
245 1967 435 2052 ingeniosae
458 1985 622 2050 opponam
645 1967 806 2050 opinioni,
833 1963 996 2043 „mulieris
1019 1987 1086 2032 non
1109 1967 1198 2054 pudi-

108 2070 309 2151 ‚‚,cissimae
331 2071 499 2156 imaginem
521 2065 660 2134 describi
674 2069 790 2134 veriles
805 2079 911 2134 vestes
934 2071 1110 2150 imitantis,“
1136 2073 1198 2136 nisi

140 2173 229 2259 quod
251 2192 319 2236 non
341 2171 427 2235 bene
448 2169 660 2258 intellegitur,
691 2195 749 2236 cur
771 2176 871 2236 amica
894 2172 950 2236 illa
973 2177 1033 2237 viri
1059 2177 1198 2257 speciem

140 2296 219 2359 prae
242 2295 278 2336 se
301 2273 396 2348 ierat,
422 2276 607 2354 praesertim
630 2295 726 2357 quum
748 2276 855 2336 omnia
878 2273 1038 2337 hocloco
1060 2277 1094 2336 in
1118 2277 1203 2338 auri³

126 2397 203 2461 ,gae
226 2373 313 2438 illius
334 2373 494 2437 infamiam
517 2372 599 2439 dicta
623 2397 693 2440 esse
715 2373 893 2440 videantur.

231 2476 325 2562 Quae
344 2480 459 2556 omnia,
483 2499 577 2563 quum
599 2482 664 2543 sint
685 2478 782 2565 plana
806 2489 899 2564 atque
923 2489 1032 2565 aperta
1054 2484 1087 2546 in
1102 2484 1199 2548 Hein-

141 2582 234 2645 richii
254 2583 519 2667 interpretatione
541 2583 710 2669 plerasque
732 2593 875 2649 veterum
897 2588 1087 2670 ineptiarum
1109 2587 1199 2650 refri-

140 2695 241 2765 catas,
269 2689 345 2772 quin
366 2707 471 2752 novos
495 2685 717 2773 superadditos
740 2687 884 2752 videmus
909 2709 1043 2751 errores.
1090 2691 1197 2751 Revo-

139 2797 192 2852 cat
215 2793 313 2866 enim,
335 2800 460 2854 servata
483 2793 612 2873 antiqua
636 2787 849 2865 distinctione,

692 2924 753 2962 nam
770 2912 832 2961 lora
851 2913 968 2978 tenebat,

289 2997 352 3059 lpse
369 2999 528 3050 lacernatae
546 3010 626 3061 quum
645 3011 675 3048 se
694 2997 812 3048 iactaret
830 2997 943 3049 amicae.

139 3097 281 3160 Neronis
311 3117 498 3179 personam,
530 3116 611 3178 quae
639 3096 831 3176 pronomine
862 3095 1059 3180 significetur
1088 3099 1196 3180 „ipsi“

140 3207 174 3259 et
202 3195 406 3280 cogitandum
436 3217 506 3260 esse
536 3203 646 3256 censet
676 3193 716 3255 de
746 3195 884 3278 publicis
914 3199 1115 3279 imperatoris
1146 3219 1196 3260 ex-

140 3295 362 3375 cursionibus,¹
379 3299 413 3360 in
436 3295 549 3382 quibus
570 3293 739 3358 masculam
763 3299 891 3359 amicam
915 3299 998 3360 iuxta
1021 3319 1056 3362 se
1077 3297 1196 3364 habue-

139 3405 181 3466 rit
202 3403 396 3488 aurigaeque
419 3399 561 3483 officium
585 3401 778 3485 praestiterit
799 3398 918 3464 nobilis
936 3400 1062 3486 quidam
1077 3405 1195 3467 Roma-

138 3527 209 3570 nus.
233 3503 332 3588 ,Quae
349 3507 454 3570 omnia
471 3507 599 3592 egregie
618 3502 800 3592 Madvigius
815 3504 965 3570 refutavit
980 3528 1089 3591 opusc.
1106 3506 1193 3570 acad.

139 3634 171 3696 p.
188 3611 241 3673 34.
286 3610 351 3672 lam
374 3630 451 3674 vero
475 3606 551 3690 quid
574 3607 768 3695 significaret
790 3631 848 3688 „se
871 3612 1032 3686 iactaret“,
1058 3611 1101 3671 ita
1123 3631 1195 3693 per-

138 3716 186 3801 git
200 3712 410 3789 Heinrichius,
425 3713 581 3775 neminem
599 3721 673 3776 ante
689 3711 723 3776 ¹'se
738 3713 942 3778 intellexisse.
977 3713 1092 3775 Totius
1110 3715 1193 3777 enim

138 3815 205 3880 loci
220 3815 474 3901 explanationem
491 3813 702 3899 quaerendam
720 3839 789 3882 esse
812 3818 844 3878 in
859 3815 944 3878 Livii
967 3813 1101 3898 quadam
1124 3837 1194 3879 nar-

139 3971 341 3982 ——--—-

210 4055 243 4122 1)
267 4053 309 4112 Cf.
328 4056 385 4113 lux.
398 4055 443 4111 IX.
461 4058 504 4112 29.
524 4057 708 4124 „munimenta
726 4055 837 4132 togae.“¹

208 4141 243 4210 a)
268 4139 311 4196 cf.
331 4138 389 4195 ou.
409 4139 479 4198 ran.
492 4141 525 4200 n,
542 4145 584 4199 aa.
605 4141 699 4213 vena.
713 4141 745 4198 n.
765 4145 808 4210 aa,
827 4145 869 4198 aa.

940 4228 994 4292 2*
