2980 4700
1166 327 1243 428 'er

81 555 83 560 ’
185 537 248 602 lroc
275 535 362 600 loco
379 537 475 600 totius
506 533 619 624 flagitii
646 557 770 600 censam
803 539 988 623 initiumque
1020 541 1053 602 in
1084 539 1241 624 primores
1305 514 1311 531 ,

185 650 306 704 tantum
328 661 365 703 ac
388 638 485 703 duces
506 637 593 704 illius
618 639 732 725 populi
754 637 895 704 derivat?
923 662 986 726 qno
1010 651 1116 706 tantus
1138 645 1241 708 nasci·

184 752 235 809 tur
256 745 432 808 sententiae
456 741 606 828 languor,
636 752 671 806 ut
694 740 876 806 alterutrum
900 744 984 809 haud
1008 743 1106 810 dubie
1128 744 1240 830 luisset

183 846 400 911 omittendum.
435 842 546 908 Nihilo
564 847 666 908 minus
688 849 975 931 praestantissimos
990 857 1082 932 putat
1096 849 1155 912 hos
1170 870 1239 912 ver-

181 971 234 1013 sus
257 948 466 1012 Heinrichius

269 1051 305 1114 ln
326 1072 454 1138 pugnae
477 1059 595 1129 antem,
618 1071 700 1136 quae
722 1049 820 1136 paulo
844 1063 918 1138 post
940 1057 1095 1139 seqnitur,
1122 1052 1238 1118 descri-

179 1157 292 1240 ptione
315 1163 483 1240 tantopere
506 1157 620 1239 ineptit
643 1165 737 1240 atque
758 1158 876 1219 insanit
897 1166 1010 1240 poeta,
1040 1175 1165 1222 ornnem
1192 1158 1237 1221 iu-

181 1261 221 1322 sti
242 1256 407 1344 pulcrique
430 1256 558 1322 modum
582 1257 753 1334 excedens,
781 1266 831 1335 ut,
861 1256 937 1342 quid
964 1261 1162 1324 invenustius
1188 1262 1237 1338 sit,

181 1361 258 1446 quid
281 1361 415 1440 foedius,
437 1381 479 1425 ne
502 1363 636 1448 cogitari
659 1359 785 1445 quidem
808 1365 919 1447 possit.
966 1363 1054 1426 Dicit
1075 1365 1171 1428 enim:
1252 1371 1260 1378 “

782 1489 858 1536 liaeo
877 1488 941 1537 tuba
958 1487 1043 1538 rixae.

285 1571 354 1622 Dein
372 1575 491 1624 elamore
508 1571 569 1634 pari
587 1569 759 1623 concurritur
777 1576 805 1623 et
823 1571 883 1622 vice
902 1572 951 1624 teli

285 1658 379 1708 uaevIt
396 1660 468 1709 nuda
484 1670 593 1708 manus:
617 1670 722 1719 paucae
740 1656 798 1708 sine
816 1659 930 1709 vulnere
948 1659 1051 1722 malee3

173 1797 176 1804 ,
197 1739 249 1810 55)
284 1744 347 1794 Vix
366 1743 518 1808 cuiquam
536 1746 593 1810 aut
610 1742 697 1794 nulli
715 1745 773 1792 toto
792 1745 942 1795 certamine
960 1757 1044 1796 nasus

285 1834 411 1893 Intege13
435 1828 574 1890 aspiceres
592 1826 645 1875 ianr
664 1832 762 1876 cuncta
779 1841 829 1888 per
846 1831 956 1894 agmina
974 1831 1065 1879 voltus

284 1915 431 1980 Dimidios,
450 1914 519 1964 alins
537 1912 623 1962 facies
642 1915 670 1962 et
687 1911 789 1962 hiantia
805 1913 893 1974 ruptis

286 2002 355 2053 Ossa
374 1999 468 2066 genis,
487 2001 584 2062 plenos
601 1997 741 2048 oculorum
759 1999 892 2063 sangnine
910 2011 1031 2064 pugnoa3

284 2089 391 2139 [rudere
411 2087 574 2157 secrodunt
592 2083 645 2146 ipsi
662 2087 753 2134 temen
772 2086 826 2134 ete.

267 2189 359 2272 Quae
384 2210 478 2269 quum
501 2189 606 2249 omnia
629 2187 691 2246 sint
714 2184 913 2262 absurdiora,
937 2205 1029 2268 quem
1053 2183 1232 2268 dequibus
1272 2181 1275 2186 ’

178 2290 309 2355 verbum
332 2288 491 2366 addamus,
514 2299 619 2351 tamen
642 2306 724 2349 unus
746 2289 807 2350 iam
822 2308 852 2347 v.
868 2287 919 2349 55.
945 2285 1064 2349 affatim
1088 2305 1234 2371 compro-

178 2395 248 2472 bat,
274 2397 460 2486 scriptorem
485 2390 728 2477 adeo‘caruisse
753 2391 839 2453 omni
864 2391 994 2474 poetico
1022 2391 1168 2477 ingenio,
1189 2399 1233 2468 ut

179 2500 310 2563 omnino
333 2507 438 2560 tacere
461 2497 559 2559 satius
581 2494 701 2558 luisset.

265 2602 446 2687 Sequuntur
466 2597 575 2685 plures
592 2595 742 2681 deinceps
757 2598 933 2661 sententiae
950 2605 1013 2659 tam
1031 2594 1183 2659 insulsae
1195 2617 1232 2660 ac

176 2715 403 2791 praeposterae
433 2705 587 2785 simulque
614 2711 677 2772 tarn
703 2698 881 2784 singulares
904 2710 998 2781 atque
1021 2684 1231 2773 admirabiles,

177 2817 213 2869 ut
238 2807 349 2868 similia
376 2813 498 2866 exstare
525 2799 667 2884 exempla
689 2803 741 2862 vix
769 2799 905 2862 credam.
951 2798 1015 2863 Cui
1043 2801 1141 2876 enirn,
1170 2801 1231 2861 nisi

177 2911 232 2993 qui
253 2905 331 2970 nihil
354 2926 486 2992 prorsus
508 2907 602 2990 sapit,
632 2902 686 2967 ubi
710 2901 750 2966 de
772 2901 959 2966 foedissimo
983 2899 1103 2966 scelere
1126 2921 1231 2964 narra-

177 3022 228 3076 tur
250 3011 384 3074 hominis
406 3010 570 3080 hominem
587 3006 804 3072 interficientis
829 3006 1021 3090 crudumque
1048 3003 1231 3068 devorantis

179 3114 326 3191 cadaver,
356 3117 389 3175 in
417 3123 553 3176 mentem
576 3114 686 3173 venire
712 3117 821 3194 potest
844 3105 1036 3192 perridicula
1058 3106 1137 3167 haec
1159 3125 1230 3166 sen·

177 3219 288 3293 tentia,
312 3236 395 3300 quae
415 3224 519 3278 tamen
543 3209 712 3276 admodum
733 3221 848 3298 poetae
870 3207 997 3272 videtur
1018 3207 1188 3292 placuisse:

281 3331 337 3390 flid
352 3340 472 3404 gaudere
490 3338 569 3404 libet,
589 3339 659 3401 quod
678 3350 731 3387 non
749 3333 894 3386 violaverit
911 3333 1011 3399 ignem,

192 3421 246 3493 85)
282 3429 368 3488 Quem
385 3438 489 3475 summa
507 3424 579 3476 coeli
596 3427 702 3488 raptum
721 3425 754 3474 de
772 3424 850 3484 perte
868 3420 1044 3473 Prometheus

280 3511 399 3563 Donavit
417 3511 506 3562 terris.

252 3624 347 3718 vTurn
370 3621 410 3685 ad
434 3619 602 3684 Volusium
626 3620 839 3705 Bithynicum,
862 3618 902 3683 ed
925 3637 1017 3702 quem
1041 3617 1157 3700 scripta
1182 3621 1230 3675 est
1338 3658 1340 3662 .

175 3725 284 3802 satira,
305 3745 479 3788 conversus
501 3725 619 3811 pergit:

674 3849 817 3900 Elemento
835 3845 973 3910 marmor,
992 3845 1021 3894 et
1039 3845 1067 3892 te

277 3937 411 3985 Exultare
429 3933 507 3984 reor!

262 4034 294 4098 Ο
325 4035 515 4122 singularem
544 4033 629 4098 illam
658 4032 861 4121 religionem,
890 4049 972 4114 quae
998 4031 1031 4093 in
1054 4025 1229 4092 dirissimae

175 4134 338 4202 foeditatis
362 4138 507 4224 exemplo
531 4149 644 4216 tamen,
667 4157 730 4221 quc
753 4133 894 4222 gaudere
915 4133 1026 4220 possit,
1055 4131 1228 4197 invenerit!

973 4238 995 4300 6
