2980 4700
271 317 321 389 90

271 497 432 580 „codicum
458 495 649 564 lectionibus
673 495 883 562 diiudicandis
906 499 1101 562 notissimum
1124 511 1329 588 praeceptum

271 605 342 682 „sit,
368 611 404 666 ut
425 600 631 679 vocabulum,
659 603 747 664 cuius
770 604 891 664 incerta
914 601 1006 666 sedes
1029 605 1084 680 sit,
1107 609 1249 687 quamvis
1272 629 1330 692 per

271 727 324 787 „se
346 703 472 792 quidem
495 705 574 770 nihil
597 705 786 770 offensionis
809 705 937 782 hebeat,
966 715 1069 770 tamen
1099 709 1167 790 ipsa
1198 709 1257 771 hac
1282 713 1329 774 in-

272 809 461 888 ,stabilitate
487 820 667 896 suspectum
693 806 858 884 reddatur3
889 831 983 893 quum
1007 808 1090 873 idem
1112 813 1146 871 in
1167 811 1222 873 has
1245 791 1342 875 vitas‘

272 913 396 993 „cadat,
419 936 548 999 quarum
572 914 652 977 aliae
675 911 881 998 Pentapolin,
909 911 990 976 aliae
1014 917 1118 990 oasin,
1147 913 1226 977 eliae
1249 915 1327 998 Sye-

272 1038 352 1095 „nen
376 1017 524 1096 afferant,
551 1026 670 1081 tantum
693 1017 820 1093 abesse,
843 1025 878 1079 ut
900 1019 1039 1079 omnium
1064 1019 1245 1080 testimonia
1267 1039 1328 1102 pro

272 1122 441 1214 „Aegypto
458 1130 610 1207 pugnent,
629 1129 664 1184 ut
679 1123 755 1206 ipse,
771 1123 824 1205 qui
838 1121 921 1183 hanc
936 1118 1159 1183 commendare
1175 1121 1328 1198 rideatur,

272 1244 464 1302 „consensus
493 1226 607 1288 mutuis
636 1228 752 1311 pugnis
780 1223 920 1288 tollatur.
966 1222 1074 1307 Quum
1103 1244 1203 1308 porro
1236 1227 1329 1288 etiam

273 1328 369 1404 „haec
390 1330 544 1392 sanissimi
566 1327 675 1392 iudicii
698 1328 749 1391 lex
771 1331 821 1406 sit,
842 1337 877 1391 ut
896 1326 1018 1390 duabus
1041 1326 1233 1390 lectionibus
1256 1350 1330 1412 pro-

273 1433 402 1514 „positis
419 1453 487 1494 eam
503 1431 662 1516 eligamus
685 1433 773 1495 cuius
793 1434 947 1518 originem
964 1432 1088 1518 aegrius
1104 1452 1122 1491 a
1138 1429 1256 1494 librarii
1273 1431 1329 1492 ali-

273 1537 379 1611 „cuius
403 1533 497 1618 culpa
517 1544 663 1618 repetere
685 1537 856 1618 possimus,
878 1537 996 1619 pariter
1017 1555 1102 1596 nunc
1125 1538 1257 1618 optione
1280 1536 1328 1595 in-

272 1646 339 1713 „ter
353 1637 469 1700 Scotos
487 1646 518 1699 et
534 1637 716 1722 Aegyptum
736 1637 817 1716 date,
840 1659 908 1702 non
927 1637 1133 1702 dubitandum
1151 1659 1228 1714 esse,
1251 1639 1327 1720 quin

273 1737 337 1817 ,illi
365 1742 435 1824 ipsa
463 1741 653 1804 narrationis
682 1739 900 1827 singularitate
928 1741 982 1804 vel
1012 1743 1143 1803 maxime
1172 1761 1329 1806 comman-

273 1841 433 1920 „dentur.“
693 1849 695 1854 ’

362 1945 426 2011 Cui
448 1949 598 2011 universo
622 1947 865 2034 argumentandi
887 1949 998 2034 generi
1021 1969 1116 2032 quum
1139 1966 1234 2010 omne
1259 1945 1330 2010 fun-

275 2048 456 2114 damentum
478 2050 670 2114 subtractum
694 2054 734 2114 sit
758 2051 972 2136 disputatione
995 2071 1080 2129 mea,
1110 2073 1171 2135 qua
1193 2049 1225 2114 id
1247 2061 1327 2134 puto

196 2200 198 2206 ·
275 2147 446 2217 certissime
464 2151 712 2218 demonstratum
736 2175 813 2231 esse,
835 2156 969 2216 vitarum
984 2151 1109 2217 illarum
1124 2152 1242 2217 nullam
1258 2171 1328 2214 esse

275 2259 406 2321 omnino
430 2260 663 2334 auctoritatem,
692 2256 770 2321 nihil
792 2259 853 2320 iam
878 2277 959 2340 opus
984 2260 1056 2334 erit,
1087 2278 1193 2320 earum
1216 2277 1328 2332 rerum,

275 2382 355 2444 quae
371 2360 410 2423 ab
427 2363 610 2426 Hermanno
629 2362 703 2424 huic
720 2364 900 2425 auctoritati
923 2351 1156 2445 superstructae
1180 2367 1260 2436 sunt,
1282 2379 1331 2421 re-

275 2462 462 2525 futationem
484 2473 643 2547 temptare,
673 2465 760 2550 quod
783 2475 889 2529 tamen
910 2485 952 2527 ne
974 2468 1075 2550 ipsum
1099 2462 1225 2548 quidem
1248 2460 1331 2526 difli-

275 2563 335 2628 cile
357 2563 492 2628 videtur.
537 2567 742 2651 Anquiescam
770 2570 867 2652 igitur
895 2570 928 2631 in
954 2569 992 2631 iis
1021 2565 1216 2642 exhibendis,
1248 2585 1330 2647 quae

274 2689 358 2732 nova
382 2689 420 2732 ex
442 2669 615 2732 Hermanni
637 2667 758 2747 libello,
782 2673 968 2755 ceteroquin
991 2669 1172 2734 doctissimo
1196 2665 1329 2751 diligen-

275 2773 460 2857 tissimoque
480 2774 620 2857 comperi
636 2793 778 2857 quaeque
802 2777 933 2861 egregie
957 2794 1081 2838 omnem
1104 2792 1204 2834 meam
1229 2767 1270 2832 de
1285 2770 1330 2831 vi-

275 2877 315 2938 tis
343 2873 404 2936 illis
435 2879 623 2940 sententiam
653 2877 864 2962 comprobant
892 2887 987 2960 atque
1017 2875 1215 2939 confirmant.
1264 2873 1331 2936 Pri-

275 2998 358 3040 mum
383 2978 465 3039 enim
483 2982 586 3058 vitam,
610 3001 701 3064 quam
723 2977 866 3041 nondum
888 2998 1048 3051 noveram,
1071 2976 1202 3049 eddidit,
1225 2975 1264 3034 ab
1279 2975 1331 3036 Iu-

275 3091 326 3145 sto
348 3081 459 3166 Lipsio
484 3102 501 3145 e
522 3082 638 3147 Divaei
659 3083 744 3146 libro
768 3087 955 3165 excerptam.
988 3077 1100 3141 Refert
1122 3087 1226 3141 autem
1249 3077 1330 3140 haec

275 3189 354 3250 vita:
375 3185 630 3264 „Iuvenalem
652 3185 698 3250 ad
716 3184 881 3249 mediam
900 3182 983 3246 fere
1001 3191 1176 3246 aetatem
1192 3179 1330 3244 deela-

276 3310 422 3366 „masse
444 3298 480 3351 et
502 3291 540 3352 in
556 3288 739 3353 Paridem
757 3289 1040 3373 pantomimum
1057 3307 1195 3350 versus
1211 3305 1330 3369 quos-

276 3389 385 3476 ,dam
408 3411 488 3452 non
511 3392 685 3457 absurde
704 3393 981 3476 composuisse
999 3428 1037 3441 -
1055 3388 1171 3460 deinde
1186 3387 1330 3451 versibus

276 3496 331 3574 „iis
349 3490 526 3578 publicatis
541 3495 758 3559 Domitianum
773 3495 898 3581 pudore
915 3502 946 3557 et
961 3496 1007 3556 ira
1023 3492 1063 3558 de
1078 3489 1227 3556 Iuvenale
1246 3510 1331 3552 amo-

276 3596 401 3678 „vendo
420 3571 593 3684 cogitasse3
615 3596 672 3662 sed
691 3621 786 3681 quum
804 3599 909 3685 pelam
925 3595 1003 3660 nihil
1019 3599 1053 3662 in
1070 3598 1169 3660 virum
1190 3591 1331 3668 auderet,

277 3703 354 3781 ,sub
367 3702 537 3766 honoris
550 3698 721 3765 obtentu
731 3700 883 3766 militibus
894 3702 1094 3787 praefecisse,
1110 3701 1164 3784 qui
1177 3700 1211 3760 in
1223 3697 1331 3781 Aegy-

276 3817 382 3894 „ptum
399 3795 603 3871 ducebantur.
632 3800 814 3868 Iuvenalem
829 3813 934 3866 autem
948 3825 1041 3868 causa
1053 3803 1270 3889 praefecturae
1284 3799 1331 3858 in-

277 3910 422 3986 „tellecta
447 3909 585 3974 taedio
610 3919 648 3974 et
673 3925 824 3994 angore
846 3909 941 3970 vitam
968 3907 1105 3970 finisse.“
1141 3903 1234 3984 Quae
1256 3901 1332 3977 rita,

279 4034 373 4097 quum
391 4016 499 4099 priora
517 4011 706 4078 adverbum
729 4014 927 4097 exscripserit
949 4012 1036 4073 crit.
1049 4007 1072 4070 1.
1090 4026 1193 4090 neque
1209 4007 1243 4067 in
1258 4001 1330 4067 reli-

280 4117 358 4196 quis,
378 4118 440 4178 nisi
461 4114 549 4198 quod
565 4117 781 4181 Domitianum
799 4113 914 4192 intulit,
932 4109 1064 4178 multum
1082 4109 1122 4174 ab
1142 4130 1179 4176 ea
1196 4105 1333 4184 recedat,
