2980 4700
1154 323 1201 431 u

149 543 276 606 scurari.
308 540 420 625 ‘Quod
446 545 474 606 si
502 549 635 619 stamas,
667 559 736 604 non
766 549 814 602 est
842 539 982 605 difficilis
1013 539 1202 622 emendatio,

148 666 239 729 quarn
261 648 483 731 propositurus
506 667 583 708 sum.
617 641 706 728 Quid
722 644 814 721 enim,
837 645 864 706 si
887 647 1013 730 scripsit
1028 645 1200 712 luvenalis:

799 785 923 834 Dormiat
941 785 988 835 ille

254 869 321 922 Cum
340 870 462 936 domina,
482 871 530 920 sed
549 876 578 922 tu
596 871 649 922 iam
668 871 777 938 durum,
796 871 939 937 Postume,
958 869 1064 934 iamque

253 957 428 1006 tondendum
445 959 600 1008 moechae
618 957 752 1008 Bromium
771 956 942 1009 committere
959 951 1036 1010 nolii

523 1489 739 1568 SATIRA
772 1491 819 1567 X.

234 1671 270 1733 ln
294 1671 562 1757 praestantissimo
585 1673 648 1736 hoc
663 1677 801 1738 carmine
816 1670 976 1738 luvenalis
988 1676 1024 1738 in
1039 1673 1201 1742 hominum

143 1778 384 1860 perversitatem
405 1775 571 1854 invehitur,
595 1799 656 1862 qua
674 1797 825 1842 verorum
848 1777 1008 1842 bonorum
1030 1782 1134 1866 ignari
1155 1783 1202 1843 in·

144 1877 259 1942 auibus
282 1881 435 1963 vanisque
456 1878 605 1962 precibus
629 1879 763 1943 deorum
790 1899 882 1944 aures
909 1880 1053 1966 fatigent.
1099 1879 1201 1948 cutm

142 1984 328 2046 temeritatis
351 1991 446 2067 atque
467 1979 618 2045 surltitiee
640 1991 809 2068 postquam
829 1980 993 2068 complura
1015 1993 1200 2071 persecutus

144 2095 193 2150 est
215 2085 372 2172 exempla,
401 2106 431 2148 v.
447 2086 491 2148 54
515 2095 547 2148 et
568 2086 620 2150 55.
644 2083 723 2150 haec
744 2089 840 2172 ponit
859 2086 972 2152 verba:

248 2263 324 2322 Ergo
342 2269 515 2320 supervacua
531 2261 579 2308 aut
595 2257 751 2320 perniciosa
767 2239 921 2326 petunturs
960 2239 961 2244 ἵ

251 2343 368 2403 Propter
386 2349 455 2404 quae
473 2344 516 2392 tas
534 2346 578 2392 est
595 2354 687 2406 genua
703 2340 830 2394 incerare
847 2346 969 2412 deorum,

118 2516 120 2521 ’
231 2497 270 2560 In
286 2496 334 2559 his
351 2499 472 2581 optimo
492 2497 640 2583 proiecto
664 2500 734 2562 iure
755 2499 884 2566 miraur
897 2501 1089 2591 Madvigius,
1112 2503 1199 2590 quod

142 2609 193 2665 tot
216 2599 355 2665 editores
375 2605 631 2691 interpretesque
657 2603 786 2668 silentio
816 2610 1044 2671 transmiserint
1065 2629 1199 2685 versum,

141 2707 196 2790 qui
218 2707 246 2768 si
266 2707 310 2769 ita
333 2705 502 2792 legeretur,
525 2707 689 2792 quomodo
713 2727 785 2770 eum
810 2729 829 2770 e
851 2709 1107 2790 conspirantibus
1131 2728 1200 2770 exa·
1268 2784 1270 2790 Ι

140 2811 209 2871 ravi
221 2807 310 2871 libris
323 2807 580 2889 editionibusque
591 2810 740 2868 vesaniae
751 2817 902 2890 argueret
911 2815 1052 2891 poetam.
1072 2809 1199 2888 „Nam“‚

140 2913 251 2995 inquit,
272 2907 404 2988 „dicere
422 2909 474 2976 ,fas
490 2931 560 2973 esse
575 2929 681 2996 genua
697 2907 830 2973 deorum
845 2911 988 2976 incerare
1001 2922 1136 3000 propter
1153 2935 1198 2993 ea,

140 3035 246 3100 „quae
272 3035 468 3099 supervacua
497 3023 530 3078 et
557 3017 738 3099 perniciosa
764 3015 843 3091 sint„
871 3037 953 3100 quae
975 3026 1024 3080 est
1046 3019 1199 3082 amentia?

142 3117 274 3195 „ironia
297 3127 410 3194 autem,
436 3136 500 3198 quo
522 3136 597 3178 uon
614 3115 735 3188 dubito,
761 3117 837 3195 quin
859 3117 1071 3200 confugiatur,
1098 3117 1198 3199 qualis

141 3219 244 3296 „haec
273 3228 334 3291 est,
360 3227 398 3278 ut
420 3216 667 3298 simplicissimae
689 3215 830 3274 veritatis
851 3216 1047 3297 professioni
1070 3220 1200 3300 (super-

142 3340 264 3399 „vacua
288 3327 342 3381 aut
363 3317 563 3404 perniciosa)
585 3335 650 3399 per,
669 3312 834 3378 relativum
862 3314 1052 3406 adiungatur
1074 3321 1198 3409 contra*

141 3425 288 3504 „rium?“
321 3423 363 3486 Et
386 3433 471 3486 certe
495 3419 616 3499 delirat,
640 3420 690 3482 cui
711 3416 782 3482 talis
804 3418 932 3507 placere
954 3433 1062 3510 potest
1084 3427 1196 3490 ironia.

141 3530 272 3596 Erraret
292 3537 361 3594 non
384 3537 494 3594 contra
517 3511 714 3590 communem
738 3511 865 3609 quidem
887 3549 1023 3607 sensum,
1044 3529 1101 3593 sed
1122 3550 1198 3592 con-

141 3643 190 3696 tra
205 3632 335 3717 linguae
350 3653 449 3709 usum,
472 3634 499 3694 si
522 3634 599 3715 quis,
621 3639 657 3694 ut
677 3633 747 3718 ipse
770 3628 846 3708 olim
860 3631 930 3711 feci,
953 3633 1085 3696 alterum
1107 3630 1195 3696 illum

140 3755 268 3800 versum
288 3755 348 3819 per
369 3737 651 3821 interrogationem
665 3735 935 3821 pronuntiandum
949 3742 1083 3820 putaret,
1105 3735 1198 3801 intel·

141 3837 224 3904 lecta
247 3835 466 3924 interrogandi
487 3839 640 3921 particula
664 3843 716 3919 (et
738 3849 872 3925 propter
895 3860 932 3902 ea
954 3837 1045 3903 fasne
1063 3849 1119 3917 est,
1142 3861 1196 3928 ge-

140 3965 204 4010 nua
231 3946 375 4008 incerare
404 3941 583 4022 decroni),
613 3942 699 4026 quod
725 3945 758 4008 in
781 3944 843 4005 hac
863 3939 1015 4006 relativae
1038 3945 1194 4008 orationis

140 4046 242 4110 forma
265 4045 336 4110 fieri
358 4065 455 4133 posse
476 4043 658 4134 negandum
681 4057 737 4112 est.
775 4043 842 4112 Sed
864 4045 941 4132 quid
962 4045 1062 4115 verba
1082 4047 1194 4122 faciam

140 4147 183 4214 de
205 4147 443 4215 difficultatibus
461 4149 794 4238 praeclarcMadvigii
815 4153 998 4218 coniectura
1022 4151 1194 4240 expeditis?
