2980 4700
1185 285 1231 356 31

173 499 234 544 cae
263 479 390 564 pignori
420 474 509 553 dant,
540 477 670 561 eiusque
698 473 829 537 arbitrio
853 474 1037 557 pemittant
1060 467 1121 550 (ci.
1145 469 1231 536 Suet.

174 579 292 647 Claud.
307 582 338 645 9.
361 588 420 671 ‚,ut,
444 599 539 663 quum
556 577 730 665 obligatam
746 577 869 639 aerario
889 573 986 638 fidem
1005 573 1142 638 liberare
1165 594 1232 639 non

174 693 317 770 „posset,
347 686 380 745 in
403 701 538 745 vacuum
559 678 633 765 lege
656 677 867 764 praediatoria
889 676 1011 740 venalis
1040 677 1232 762 pependerit

173 789 251 865 „sub
265 786 370 851 edicto
383 782 658 869 praefectorum‘).
688 779 787 865 Quod
800 779 998 866 periculosae
1009 778 1139 862 plenum
1151 801 1231 867 opus

174 890 265 952 aleae
288 908 355 951 non
378 884 547 948 admodum
570 883 674 969 placet
695 887 829 969 pauperi
852 884 925 946 huic
947 879 1122 959 Umbricio,
1144 905 1234 968 prae-

175 994 284 1055 sertim
307 1011 402 1073 quum
427 987 474 1052 illi
500 988 659 1052 bonorum
682 985 860 1051 venditioni
888 1005 1028 1071 semper,
1058 986 1151 1048 etiam
1180 988 1234 1048 im-

176 1103 358 1178 peratorum
380 1091 589 1175 temporibus,
610 1091 738 1153 infamia
760 1088 913 1174 quaedam
938 1092 1108 1153 coniuncta
1130 1089 1233 1165 fuerit,

177 1196 238 1271 (cl.
263 1194 330 1258 Cic.
354 1214 414 1279 pro
438 1193 565 1276 Quinct.
591 1194 642 1254 15.
666 1191 738 1254 Gai.
754 1192 793 1254 ll.
819 1194 891 1254 154.
915 1178 1126 1277 „ignominia,
1152 1213 1234 1277 quae

179 1346 195 1373 ‚,
203 1295 317 1359 accidit
339 1318 375 1359 ex
397 1294 556 1358 bonorum
579 1293 765 1358 venditione
773 1297 809 1373 “)
831 1291 928 1377 idque
950 1296 1032 1356 inter
1055 1297 1158 1357 Roma
1182 1295 1236 1358 de-

177 1400 333 1485 migrandi
356 1419 466 1462 causas
488 1397 621 1482 profert.
657 1397 750 1480 Quae
765 1417 834 1461 mea
850 1397 1006 1459 sententia
1022 1399 1154 1483 egregie
1169 1400 1236 1482 qui-

177 1501 250 1566 dem
272 1501 477 1566 confirmatur
499 1523 517 1564 a
540 1512 648 1566 vetere
671 1500 808 1586 quodam
831 1498 1002 1565 scholiasta
1024 1499 1064 1564 ab
1089 1500 1235 1565 omnibns

177 1604 281 1670 adhuc
300 1606 523 1692 interpretibus
542 1614 597 1669 ant
614 1616 732 1690 spreto,
753 1613 810 1669 aut
824 1607 1014 1690 vituperato,
1038 1607 1158 1690 quippe
1181 1607 1235 1689 qui

177 1707 219 1772 ad
240 1731 338 1774 voces
359 1708 512 1788 „domina
533 1708 648 1773 venale
670 1710 729 1773 sub
753 1710 865 1773 basta“
887 1707 1034 1775 adnotet:
1060 1695 1139 1794 „qui
1161 1728 1236 1794 pos-

178 1824 274 1890 „sunt
297 1835 314 1875 a
336 1813 416 1876 fisco
440 1811 536 1876 vendi
559 1815 649 1896 quasi
671 1811 833 1874 debitores
854 1811 951 1876 fisci.“
985 1811 1124 1875 Videtur
1146 1809 1236 1873 scho-

178 1913 286 1978 liastes
300 1925 441 1979 veterem
455 1913 545 1977 illum
559 1933 674 1979 nexum
689 1921 763 1976 ante
783 1912 896 1977 oculos
918 1913 1075 1991 hahuisse,
1098 1916 1151 1998 qui
1166 1911 1233 1976 Xll.

178 2017 353 2083 tabularum
376 2018 502 2106 legibus
526 2027 593 2081 erat
615 2021 766 2095 sancitus,
796 2019 841 2080 ita
869 2026 904 2081 ut
934 2016 1111 2096 debitores,
1141 2037 1236 2102 quum

179 2120 316 2184 debitam
340 2123 506 2205 pecuniam
528 2141 596 2184 non
617 2120 796 2198 solvissent,
818 2125 966 2185 venirent
983 2127 1017 2186 iu
1036 2125 1233 2192 servitutem

179 2222 237 2285 sed
259 2222 315 2284 ille
337 2243 436 2284 nexus
458 2221 675 2302 debitorisque
697 2219 837 2282 addictio
859 2225 990 2283 maxima
1006 2243 1043 2283 ex
1057 2230 1148 2304 parte
1163 2219 1236 2305 lege
1325 2221 1330 2236 '

180 2322 325 2385 Poetelia
345 2323 473 2405 Papiria
495 2343 523 2385 a.
540 2343 570 2384 u.
594 2321 659 2384 428
675 2322 708 2401 ¹)
724 2320 897 2409 abrogatus
921 2333 975 2402 est,
998 2322 1107 2386 relicta
1131 2332 1236 2387 tamen

180 2424 339 2489 bonorum
355 2423 550 2490 venditione.
582 2424 659 2509 Qua
682 2427 715 2488 in
738 2445 773 2487 re
796 2428 822 2488 si
845 2430 960 2492 erravit
973 2447 1041 2492 non
1056 2426 1150 2491 valde
1168 2449 1236 2492 ern·

181 2527 265 2592 ditus
281 2526 475 2607 scholiastes,
490 2549 594 2614 neque
605 2529 638 2594 id
650 2528 743 2593 nobis
755 2528 883 2596 obstare
895 2541 1009 2617 potest,
1026 2531 1114 2616 quod
1127 2541 1236 2617 aperte

179 2630 289 2694 fiscum
313 2652 372 2717 pro
395 2635 519 2697 aerario
542 2645 775 2712 commemorat,
797 2656 879 2720 quae
902 2638 1042 2719 quamvis
1060 2637 1135 2697 Tac.
1153 2635 1235 2696 Anu.

181 2735 237 2797 Vl.
254 2737 285 2798 2.
310 2745 342 2798 et
365 2738 458 2798 etiam
482 2735 562 2798 Plin.
584 2757 702 2820 paneg.
724 2739 777 2799 36.
801 2735 897 2818 plane
920 2735 1109 2820 disiungant,
1131 2745 1237 2799 tamen

180 2838 280 2922 magis
304 2836 406 2899 indies
431 2838 559 2899 evanuit
581 2836 634 2900 illa
659 2837 853 2916 differentia,
878 2860 974 2923 quum
998 2847 1030 2902 et
1051 2860 1162 2904 revera
1184 2839 1237 2904 fis-

180 2960 235 3003 cus
258 2959 331 3002 mox
354 2938 460 3004 locum
483 2940 643 3006 obtineret
664 2943 792 3017 aerarii3
815 2963 880 3027 quo
904 2943 1020 3007 lactum
1044 2954 1098 3021 est,
1122 2955 1157 3008 ut
1178 2966 1236 3029 po-

180 3045 346 3106 steriorum
369 3053 545 3128 temporum
569 3049 740 3128 scriptores
763 3037 1008 3128 saepenumero,
1032 3050 1058 3108 si
1082 3049 1235 3110 aerarium

181 3143 350 3207 dicendum
375 3156 455 3220 erat,
478 3145 589 3206 fiscum
612 3145 798 3207 exhiberent
820 3146 858 3206 cl.
882 3147 1015 3229 Eutrop.
1038 3148 1077 3208 11.
1104 3151 1154 3210 16.
1199 3149 1236 3210 ln

182 3247 295 3307 ceteris
317 3264 446 3329 prorsus
470 3247 619 3330 congruit
640 3266 709 3308 mea
732 3244 984 3331 scholiastaequc
1005 3250 1170 3327 sententia.

252 3490 285 3559 1)
308 3489 370 3547 Νοιι
394 3493 464 3548 enim
487 3512 591 3549 omnem
613 3493 678 3550 mihi
702 3498 815 3553 removit
836 3497 1029 3556 dubitationem
1046 3519 1099 3556 van
1116 3498 1233 3568 Heusde,

182 3575 303 3649 diligenti
327 3587 354 3632 et
376 3576 455 3633 docta
479 3579 668 3654 disquisitione
690 3581 724 3638 de
747 3582 806 3660 lege
829 3583 947 3641 Poetelio
970 3585 1076 3662 Papiria
1100 3583 1233 3654 (Traiect.

180 3661 267 3717 Rhen.
287 3661 373 3730 1842)
392 3664 555 3737 ingeniosam
573 3687 728 3745 proponens
747 3672 939 3740 coniecturam,
963 3671 1036 3726 illam
1058 3670 1144 3746 legem
1166 3693 1187 3727 a.
1208 3693 1233 3728 n.

180 3750 241 3804 elo.
261 3746 340 3803 latam
359 3767 428 3816 esse,
447 3751 483 3804 ita
502 3762 532 3806 nt
549 3750 643 3811 Livius
662 3753 742 3825 (Vlll.
762 3760 804 3813 28.
825 3757 855 3813 C.
875 3756 1023 3812 Poetelium
1040 3756 1172 3813 Libonem
1188 3757 1233 3813 Vi-

181 3833 269 3889 solum
287 3834 359 3903 (eos.
373 3836 433 3890 428.
457 3855 516 3891 eum
533 3835 659 3915 Papirio)
678 3851 704 3896 et
716 3841 750 3898 ll.
763 3842 912 3898 Poetelium
925 3839 1054 3898 Libonem
1074 3843 1234 3899 confuderit.

182 3917 306 3990 Quodsi
324 3929 470 3978 statuamus
488 3942 543 3978 non
561 3923 640 3982 video
659 3936 744 3996 certe,
768 3925 902 4003 quomodo
925 3925 970 3984 lex
988 3928 1109 3986 Poetelio
1126 3929 1232 4008 Papiria

182 4003 311 4077 appellari
332 4009 435 4081 possit,
461 4029 541 4083 quum
560 4007 591 4065 L.
611 4009 735 4087 Papirius
756 4010 915 4086 Mugillanus
937 4012 968 4069 C.
991 4014 1106 4074 Poetelii
1130 4016 1232 4094 collega

181 4083 262 4143 fuerit
278 4097 305 4142 et
322 4087 395 4163 leges
413 4096 552 4170 utriusque
571 4095 690 4153 consulis
708 4097 815 4152 nomine
832 4099 944 4154 inscribi
962 4100 1089 4160 solerent.
