2980 4700
285 323 332 395 54

290 517 452 594 terpretes
498 509 669 593 Rupertius
693 506 861 585 „tribunos
884 526 952 571 non
973 505 1085 592 plebis,
1111 509 1164 592 qui
1186 510 1237 570 ius
1261 506 1345 572 haud

290 611 464 691 „dicerent
485 609 544 675 sed
566 612 715 688 aerarios,
737 613 791 696 qui
809 609 849 674 de
867 610 1040 675 levioribus
1059 611 1258 695 potissimum
1273 631 1345 675 eau-

290 717 349 794 „sis
364 716 524 800 rebusque
539 717 730 801 pecuniariis
745 719 1006 801 cognoscerent,“
1020 711 1255 798 intellegendos
1273 734 1346 776 esse

291 827 395 904 putat3
420 829 549 897 „notum
572 822 655 882 enim
679 839 749 882 esse
771 818 824 882 vel
847 817 1013 894 tironibus,
1035 815 1160 894 iudicia,
1181 837 1261 900 quae
1283 819 1345 902 pri·

291 924 372 1000 „mis
394 922 589 1006 temporibus
612 941 713 1005 penes
736 930 880 984 senatum
904 921 1036 996 fuerint,
1062 917 1137 1004 lege
1159 919 1345 1005 Sempronia

291 1024 352 1103 „C.
372 1024 507 1089 Gracchi
530 1022 570 1087 ad
595 1025 715 1107 equites
739 1021 901 1098 translata,
917 1031 988 1084 tum
1012 1042 1030 1082 a
1054 1019 1093 1085 C.
1110 1021 1201 1086 Sulla
1223 1032 1348 1087 senato-

290 1127 402 1205 „rihus
424 1146 494 1188 esse
517 1129 662 1190 restituta
686 1134 718 1188 et
737 1122 867 1188 tandem
890 1123 965 1211 lege
989 1123 1117 1189 Aurelia
1139 1124 1241 1189 tribus
1265 1125 1349 1190 ordi·
1450 1197 1451 1200 Ἴ

292 1228 408 1307 „nibus
431 1230 609 1292 communia
634 1249 704 1293 esse
726 1227 819 1306 facta,
843 1229 945 1292 itaut
968 1224 1082 1290 exinde
1103 1239 1242 1308 senatus,
1264 1233 1350 1315 eqni-

292 1341 364 1410 „tes
394 1340 426 1394 et
455 1352 473 1394 e
501 1329 598 1417 plebe
624 1330 744 1396 tribuni
768 1333 882 1396 aerarii
903 1328 1081 1395 iudicarent
1103 1333 1190 1394 etin
1213 1331 1348 1418 singulis

292 1433 439 1512 „iudiciis
464 1456 481 1497 e
504 1434 603 1499 tribus
626 1437 694 1499 istis
719 1433 855 1498 decuriis
882 1432 1004 1517 aliquot
1030 1431 1222 1518 legerentur.
1269 1435 1348 1496 Ter-

292 1541 391 1617 „tiam
413 1535 540 1623 quidem
562 1537 723 1606 decuriam
744 1533 940 1600 tribunorum
963 1537 1156 1599 aerariorum
1172 1534 1212 1601 C.
1228 1533 1346 1600 Caesa-

292 1661 380 1720 ‚,rem
409 1638 597 1708 dictatorem
626 1639 805 1720 sustulisse,
834 1638 891 1704 sed
917 1661 991 1706 mox
1013 1641 1190 1704 restitutam
1213 1659 1283 1702 esse
1306 1637 1347 1702 ab

291 1744 497 1832 „Augusto.“
547 1747 641 1832 Quae
669 1745 778 1810 idtima
806 1745 982 1809 somniasse
1009 1741 1135 1808 videtur
1163 1743 1350 1827 Rupertius‚

171 1921 175 1926 ,
292 1859 347 1912 aut
369 1869 536 1935 perperam
559 1851 730 1937 collegisse
753 1871 791 1914 ex
813 1849 901 1913 Suet.
925 1849 1006 1934 Aug.
1030 1848 1096 1912 32:
1118 1844 1194 1925 „Ad
1217 1853 1282 1909 tres
1304 1847 1351 1908 iu-

291 1949 418 2026 „dicum
434 1951 580 2016 decurias
596 1963 739 2035 quartam
762 1951 886 2016 addidit
904 1973 944 2014 ex
965 1950 1119 2014 inferiore
1142 1969 1246 2026 censu,
1270 1967 1350 2032 quae

291 2048 556 2127 „ducenariorum
575 2062 745 2116 vocaretur
766 2053 985 2136 iudicaretque
1008 2053 1048 2115 de
1070 2052 1248 2117 levioribus
1270 2071 1349 2116 sum·

291 2156 398 2233 „mis‚“
411 2177 507 2240 quum
530 2174 591 2220 nec
612 2177 744 2240 usquam
767 2156 807 2219 ab
826 2159 971 2244 Augusto
991 2155 1192 2221 tribunorum
1215 2155 1350 2220 aerario·

291 2279 360 2322 rum
384 2257 529 2323 ordinem
551 2262 730 2324 restitutum
754 2279 825 2323 esse
848 2262 1019 2324 memoriae
1041 2259 1203 2344 proditum
1225 2261 1273 2336 sit,
1295 2277 1350 2320 ne-

291 2381 353 2445 que
374 2371 450 2446 post
472 2361 644 2428 Caesarem
666 2374 940 2428 commemoretur.
978 2362 1195 2449 Quapropter,
1216 2359 1280 2443 illis
1302 2381 1350 2425 re-

292 2465 395 2542 iectis,
423 2463 621 2531 redeundum
646 2468 706 2529 erit
727 2463 768 2528 ad
790 2467 935 2529 tribunos
958 2463 1075 2548 plebis,
1098 2484 1284 2548 quamquam
1306 2483 1350 2528 ne

292 2572 337 2631 ita
365 2566 505 2654 quidem,
534 2589 628 2654 quum
652 2587 756 2651 neque
779 2567 820 2630 de
843 2587 952 2630 eorum
974 2564 1192 2629 iurisdictione
1214 2567 1350 2648 impera-

292 2682 396 2736 turum
417 2671 615 2759 temporibus
632 2671 767 2734 exercita
784 2667 875 2754 plura
892 2677 1053 2756 comperta
1067 2667 1247 2744 habeamus,
1269 2665 1349 2730 mul-

292 2785 358 2839 tum
381 2775 574 2840 adiuvamur.
610 2775 732 2836 Tamen
754 2779 853 2837 totam
875 2793 942 2837 rem
964 2771 1064 2838 tribus
1086 2771 1153 2836 iere
1167 2768 1275 2835 verbis
1299 2791 1350 2834 ex-

291 2876 417 2962 pedisse
446 2879 507 2942 sibi
528 2881 615 2942 visus
645 2884 694 2938 est
715 2876 932 2952 Heinrichius,
961 2879 1027 2960 qui,
1057 2885 1213 2958 tamquam
1242 2877 1350 2938 omnia
1385 2956 1389 2959 ι

292 3001 406 3065 perse
428 2985 489 3046 iam
513 2987 674 3066 paterent,
703 2978 747 3038 ita
769 2973 858 3039 dicit:
887 2975 967 3054 „das
990 2975 1136 3063 lehrgeld
1157 2985 1275 3038 musste
1298 2975 1349 3039 oft

292 3085 501 3173 „cingellagt
514 3079 654 3157 werden,
678 3070 749 3143 eine
772 3081 915 3166 cognitio
939 3078 1194 3158 extraordinaria,
1217 3078 1349 3145 dieder

292 3188 460 3265 „tribunus
489 3184 592 3274 plebis
616 3185 679 3248 wie
701 3182 760 3247 der
781 3193 911 3269 praetor
932 3183 1028 3248 hatte.
1074 3183 1208 3270 Spaeter
1234 3185 1349 3248 hoertc

293 3288 369 3364 „die
391 3293 535 3375 cognitio
558 3289 675 3353 tribuni
699 3287 755 3353 auf
776 3288 842 3355 und
865 3286 1008 3354 rerblieb
1037 3285 1133 3352 allein
1161 3286 1232 3352 dem
1259 3308 1349 3372 prae

292 3393 393 3467 „torf‘
427 3388 520 3472 Quae
542 3390 629 3453 unde
650 3391 777 3468 habeat,
799 3413 856 3476 per
878 3394 958 3453 scire
973 3410 1123 3473 cuperem
1146 3411 1219 3453 nam
1243 3411 1260 3454 c
1284 3389 1347 3477 dig.

292 3490 346 3555 lib.
370 3491 406 3556 L.
430 3493 477 3555 tit.
500 3492 598 3568 XlIL,
622 3513 715 3576 quem
738 3492 860 3571 laudat,
888 3491 921 3554 id
943 3490 1042 3556 modo
1065 3495 1270 3577 perspicitur,
1291 3492 1371 3556 Ul·-

289 3599 377 3681 piani
400 3598 461 3660 iam
482 3593 679 3679 temporibus
702 3595 744 3660 de
766 3597 814 3658 his
834 3598 1107 3682 grammaticorum
1121 3597 1348 3682 rhetorumque

290 3698 490 3764 mercedibus
521 3708 701 3785 praetorem
729 3708 761 3762 et
785 3700 820 3761 in
842 3702 1007 3783 provincia
1030 3699 1208 3785 praesidem
1230 3704 1278 3764 ius
1301 3697 1347 3760 di-

290 3805 381 3868 xisse.
428 3801 641 3866 Nihilominus
664 3799 823 3865 luvenalis
847 3801 945 3866 verba
967 3802 1185 3889 intellegenda
1207 3809 1281 3864 sunt
1304 3798 1345 3862 de

291 3906 420 3970 tribuno
450 3901 569 3989 plebis,
603 3924 695 3989 quem
724 3901 972 3970 iurisdictionem
1003 3904 1159 3991 quandam
1190 3901 1347 3982 habuisse,

290 4027 386 4091 quum
409 4030 447 4072 ex
468 4009 545 4092 ipsis
568 4007 616 4068 his
631 4005 774 4072 versibus
799 4006 886 4071 credi
910 4007 1015 4084 debet,
1038 4018 1103 4072 tum
1127 4005 1196 4072 aliis
1221 4007 1348 4093 quibus-

288 4107 374 4186 dam,
405 4127 486 4193 quae
514 4105 681 4184 accedunt,
711 4112 902 4195 argumentis
932 4109 1095 4194 probatur.
1142 4113 1219 4177 Non
1242 4121 1346 4177 autem
