2980 4700
1165 309 1213 382 ta

245 503 351 568 Unum
373 514 478 582 restat,
500 515 536 570 ot
550 504 653 568 dicam
670 501 711 565 de
733 502 844 564 aetatis
865 499 1043 576 notatione,
1065 515 1147 582 quae
1167 497 1214 560 iu·

157 608 283 670 venitur
302 611 336 672 in
359 612 423 672 vita
441 612 487 683 1.‚
511 603 697 670 Iuvenalem
720 603 962 687 octogenarium
985 600 1096 678 irrisae,
1118 621 1213 684 quum

158 707 238 773 urbe
252 718 514 783 summoveretur,
537 704 626 790 quod
649 712 735 768 certe
758 725 795 766 ex
818 703 887 767 aliis
909 702 1051 766 fontibus
1072 703 1213 767 hausisse

158 811 260 876 videri
282 821 391 896 potest
413 813 498 872 vitae
521 811 666 892 scriptor.
712 805 776 870 Sed
799 825 867 869 non
890 813 939 868 est
963 806 1022 876 ita;
1049 814 1213 888 postquam

159 917 244 978 enim
271 918 305 976 in
337 911 484 989 omnibus
512 911 605 975 huius
628 931 755 996 quoque
778 913 863 976 vitae
884 904 1119 974 narrationibus
1141 906 1214 970 ficta

161 1018 371 1100 cognovimus
391 1026 484 1100 atque
502 1017 730 1094 commenticia,
752 1035 856 1100 neque
871 1012 1042 1099 quidquam
1056 1012 1135 1089 veri,
1155 1012 1216 1074 nisi

161 1117 251 1203 quod
275 1139 313 1181 ex
334 1121 411 1203 ipsis
434 1119 622 1182 carminibus
644 1121 705 1180 iam
729 1127 868 1195 constat,
893 1119 946 1182 rix
968 1113 1066 1180 oredo
1088 1135 1149 1180 nos
1172 1117 1216 1178 vi-

161 1229 344 1303 tuperatum
367 1224 419 1300 iri,
442 1219 528 1310 quod
549 1221 598 1282 his
620 1239 747 1303 quoque
769 1218 875 1283 verbis
896 1218 993 1282 fidem
1017 1218 1216 1304 abrogamus,

161 1326 345 1407 praesertim
375 1345 485 1409 quum,
514 1325 567 1408 qui
595 1321 837 1400 arbitrarentur,
865 1319 1049 1386 iuvenalem
1076 1322 1217 1388 Neronis

160 1428 221 1487 iam
251 1427 445 1512 temporibus
474 1429 636 1512 scripsisse
665 1436 697 1490 et
725 1436 783 1490 sat.
798 1427 869 1489 XV.
892 1426 946 1490 27.
977 1421 1140 1490 consulem
1167 1425 1217 1488 Iu·
1303 1499 1308 1506 .

159 1532 245 1593 nium
261 1531 445 1609 (Rusticum
469 1551 496 1593 a.
517 1554 547 1594 u.
565 1531 670 1610 872?>
685 1538 964 1596 commemoratum
987 1525 1215 1592 animadverte-

158 1641 238 1704 rent,
252 1653 320 1696 non
335 1633 419 1697 bene
435 1637 589 1698 minorem
606 1633 754 1698 exhibere
769 1644 902 1719 possent
917 1643 1036 1719 poetae
1052 1641 1197 1698 aetatem.

247 1736 320 1814 lam,
343 1759 437 1823 quum
453 1740 493 1802 sit
507 1748 661 1823 apertum,
683 1757 751 1802 non
766 1741 915 1822 potuisse
930 1748 1005 1801 ante
1020 1735 1215 1800 Hadrianum

158 1843 191 1902 in
222 1839 347 1904 exilium
373 1843 454 1902 mitti
480 1851 624 1924 poetam,
653 1838 742 1924 quod
763 1859 860 1903 unum
883 1843 1054 1904 certissime
1077 1838 1217 1902 ostendit

160 1942 337 2006 Franckius
366 1941 451 2006 libro
481 1944 514 2006 in
541 1946 655 2006 ceteris
681 1963 777 2027 saepe
800 1941 937 2007 molesto
961 1963 998 2005 ac
1021 1963 1217 2028 supervacua

158 2045 285 2132 repleto
309 2044 469 2122 doctrinm
500 2049 526 2111 si
556 2067 623 2112 non
652 2045 882 2132 improbamuS,
910 2045 996 2132 quod
1019 2050 1088 2111 veri
1116 2045 1217 2112 simile

159 2147 270 2211 saltem
292 2148 433 2214 reddidit
454 2149 537 2214 idem
553 2151 744 2228 Franckius,
768 2148 951 2214 Iuvenalem
974 2154 1106 2212 omnino
1130 2171 1218 2212 num-

160 2271 255 2335 quam
278 2251 437 2326 exulasse;
467 2256 493 2315 si
517 2250 753 2316 consideramus
772 2261 877 2314 totam
897 2253 989 2312 istam
1012 2249 1153 2313 fabulam
1176 2252 1216 2318 ab
1301 2293 1303 2300 ι

161 2356 249 2418 omni
271 2357 339 2418 veri
361 2355 565 2420 similitudine
591 2365 653 2418 tam
686 2353 784 2442 longe
813 2353 1050 2432 abhorrentem,
1080 2363 1218 2441 poetam,

159 2458 329 2536 rhetorem,
352 2479 461 2525 senem
475 2464 509 2526 in
526 2471 679 2526 extremas
695 2461 837 2548 Aegypti
858 2467 966 2545 partes
987 2461 1116 2526 missum
1140 2482 1218 2542 esse,

160 2572 196 2625 ut
223 2562 268 2626 ibi
299 2564 439 2629 cohortis
471 2569 647 2654 susciperet
674 2567 921 2652 praefecturam
956 2561 1095 2648 denique
1123 2587 1218 2649 quum

160 2687 333 2745 cernamus
357 2681 555 2755 quantopere
579 2675 665 2734 omni
687 2669 753 2731 fide
777 2680 905 2732 careant
925 2670 1005 2728 istae
1027 2669 1122 2740 vitae,
1144 2687 1219 2749 qua-

159 2790 228 2831 rum
251 2769 419 2852 plerasque
435 2791 473 2832 ex
495 2790 557 2830 uua
580 2770 755 2850 descriptas
779 2787 858 2843 esse,
881 2763 996 2828 additis
1018 2774 1139 2830 tantum
1161 2786 1218 2831 no-

160 2873 208 2933 vis
231 2869 419 2954 quibusdam
441 2873 575 2956 ineptiis,
598 2871 684 2935 iilam
708 2891 802 2934 unam
827 2880 940 2948 autern,
962 2871 1099 2956 antiquis
1121 2869 1218 2962 plane

161 2973 340 3040 destitutam
370 2974 525 3053 fouhbus,
555 2998 592 3040 ex
621 2979 698 3061 ipsis
725 2975 883 3041 luvenalis
907 2976 1097 3040 carminibus
1118 2977 1217 3042 modo

161 3078 221 3150 his,
234 3077 333 3137 modo
348 3079 412 3139 illis
430 3082 563 3160 arreptis
579 3079 788 3158 compositam
805 3097 875 3138 esse
891 3076 1173 3140 demonstraverim
1184 3081 1218 3158 ¹),

163 3196 219 3236 cur
241 3174 367 3236 tandem
390 3195 458 3237 non
479 3176 565 3237 illam
582 3195 709 3258 quoque
732 3179 829 3238 totius
846 3177 930 3238 exilii
953 3177 1218 3244 narratiunculam

163 3297 201 3340 ex
230 3279 323 3339 satira
338 3277 419 3360 XV..
439 3287 540 3339 ortam
570 3297 640 3339 esse
668 3286 827 3360 putemus,
856 3277 896 3342 ad
924 3280 1011 3342 cuius
1034 3303 1064 3343 v.
1081 3280 1134 3345 27.
1156 3285 1218 3347 iam

162 3390 253 3444 vetus
277 3379 402 3466 quidam
425 3378 610 3443 scholiastes
633 3379 712 3443 haec
734 3380 843 3446 addat:
872 3382 937 3462 „de
965 3404 1000 3448 se
1027 3383 1104 3450 dicit
1129 3387 1218 3454 luve-

162 3483 270 3565 „nalis,
293 3487 366 3570 quia
383 3487 416 3548 in
432 3485 585 3571 Aegypto
609 3484 737 3550 militem
761 3489 870 3568 tenuit,
894 3499 925 3554 et
948 3509 985 3554 ca
1007 3493 1162 3575 promittit
1183 3513 1219 3556 se

162 3587 360 3668 „relaturum
383 3610 464 3674 quae
486 3591 556 3673 ipsc
579 3588 699 3653 vidit?“
739 3589 812 3674 Qua
836 3590 877 3656 de
900 3613 995 3656 causa
1018 3591 1133 3670 cadant
1154 3615 1218 3658 una

166 3703 198 3758 et
212 3713 294 3754 vana
310 3691 351 3757 de
369 3691 463 3757 exilio
480 3691 679 3782 Aegyptiace
704 3693 811 3758 [abula
833 3705 866 3760 et
887 3696 1027 3781 spurium
1049 3693 1131 3762 illud
1153 3721 1218 3762 car-

164 3855 363 3867 ..n-nm..—

235 3954 269 4022 1)
296 3953 373 4022 Feci,
393 3954 467 4030 quod
484 3955 608 4014 Franchii
627 3969 696 4026 erat3
719 3963 747 4016 in
766 3979 798 4016 eo
817 3961 888 4016 enim
906 3968 1060 4036 argumento
1079 3961 1165 4017 omnis
1184 3961 1218 4019 de

163 4037 219 4094 illis
240 4039 304 4092 vitis
328 4043 450 4116 quaestio
474 4047 576 4101 versari
599 4045 721 4105 debebat.
759 4047 807 4105 Sic
824 4053 918 4120 :autem
939 4056 997 4104 tota
1020 4047 1078 4107 eius
1100 4047 1218 4128 disputa-
1253 4097 1266 4108 .

167 4126 244 4180 tione
262 4143 316 4180 uon
334 4125 446 4184 multum
463 4131 625 4206 proficimus.

892 4312 902 4352 t
