2980 4700
1159 353 1208 424 53

145 556 231 613 „non
248 544 384 621 cogente
400 536 534 620 quidem,
551 536 608 600 sed
624 557 685 600 nec
700 535 894 620 prohibente
910 535 1077 598 tribuno?“
1099 535 1207 602 Prom-

145 648 198 722 pta
216 636 343 723 quidem
366 638 492 716 habent,
516 660 596 723 quae
613 637 840 722 respondeant,
863 636 973 701 eadem
990 655 1100 702 omnes
1117 661 1205 705 enar-

145 751 276 817 ratores,
299 739 357 804 sed
372 739 485 803 eodem
502 739 601 803 modo
616 760 766 824 perversa
787 748 881 823 atque
902 743 1021 822 inepta.
1056 740 1203 827 Quapro-

144 855 222 927 pter,
247 844 371 907 omissis
393 844 516 918 ceteris,
540 863 636 904 uuum
652 841 816 905 audiamus
833 841 1057 905 Heinrichium.
1092 845 1203 928 Respi-

145 949 187 1009 cit
210 944 252 1008 ad
267 943 425 1008 Iuvenalis
442 953 498 1006 sat.
512 944 599 1009 VIII.
626 946 707 1022 193,
730 944 786 1008 ubi
809 945 901 1008 simili
923 963 1056 1031 prorsus
1077 948 1201 1012 ratione

144 1047 263 1112 dictum
278 1047 520 1124 sit-„Vendunt
542 1051 617 1124 (sua
640 1048 774 1130 lunera)
797 1048 912 1113 nullo
937 1059 1111 1134 cogente
1127 1049 1203 1136 Ne-

146 1169 271 1228 „rone
288 1151 336 1228 ¹),
364 1151 436 1212 Nec
465 1148 612 1212 dubitant
637 1149 714 1212 celsi
736 1153 897 1216 Praetoris
919 1151 1060 1218 vendere
1085 1151 1201 1218 ludis.“

146 1251 329 1336 significari
350 1253 457 1336 igitur,
479 1249 620 1314 Rutilum
642 1271 716 1314 mox
738 1251 871 1316 lanistae
893 1274 928 1316 se
943 1254 1144 1319 venditumm
1161 1267 1200 1334 et,

147 1356 287 1436 quamvis
310 1375 327 1416 a
350 1350 441 1416 nullo
465 1361 595 1417 coactus
618 1356 659 1417 sit
680 1357 885 1439 imperatore,
914 1353 1138 1421 descensurum
1167 1362 1200 1422 iu

145 1475 286 1531 arenam;
315 1457 515 1540 imperatoris
545 1466 650 1520 autem
678 1461 877 1522 notationem
907 1457 1007 1523 latere
1037 1459 1095 1523 sub
1119 1481 1201 1524 voce
1314 1472 1317 1480 '

144 1558 326 1638 „tribuno“,
356 1581 451 1644 quum
481 1567 591 1622 notum
622 1563 674 1639 sit,
705 1560 861 1626 Caesares
888 1565 976 1646 ipsos
1000 1562 1199 1628 tribuniciam

143 1672 332 1746 potestatem
357 1663 570 1746 assumpsisse.
616 1663 829 1749 Sequentibus
853 1665 970 1730 deinde
992 1666 1099 1731 verbis
1121 1688 1199 1744 „nec

144 1766 357 1850 „prohibente
388 1765 542 1830 tribuno“
571 1768 778 1851 imperatores
807 1768 911 1833 obiter
939 1767 1016 1832 velli
1045 1791 1063 1832 a
1092 1780 1198 1853 poeta,

144 1869 230 1954 quod
252 1867 381 1934 foedam
404 1871 495 1931 istam
516 1870 678 1932 bominum
701 1869 964 1934 consuetudinem
987 1873 1132 1954 seipsos
1154 1869 1200 1932 la-

141 1975 242 2036 nistae
264 1969 471 2034 vendentium
500 1991 595 2035 nemo
618 1978 706 2035 vetet
731 1981 826 2056 atque
847 1974 1015 2057 opprimat.
1061 1971 1198 2059 Magno

141 2096 218 2160 perc
241 2084 345 2139 autem
372 2077 483 2154 miror,
513 2073 677 2160 quomodo
699 2074 771 2138 fieri
793 2078 949 2160 potuerit,
977 2084 1013 2139 ut
1034 2078 1068 2140 in
1089 2086 1197 2140 tantos

141 2177 296 2242 incideret
326 2162 451 2241 errores
473 2177 688 2254 Heinrichius,
718 2181 772 2260 qui
800 2182 870 2264 ipse
899 2181 1004 2242 statim
1033 2176 1197 2255 concedat,

141 2283 359 2362 imperatores,
378 2277 455 2341 licet
470 2278 658 2342 tribuniciae
674 2281 841 2363 potestatis
858 2276 1105 2363 appellationem
1121 2281 1199 2344 asci-

141 2384 259 2458 verint,
289 2401 350 2445 nec
377 2401 487 2444 revera
516 2381 627 2459 fuisse,
655 2402 717 2445 nce
741 2383 932 2450 nominatos,
948 2368 1018 2445 esse
1041 2380 1196 2460 tribunos,

142 2505 275 2569 quorum
303 2487 425 2549 muneri
455 2507 473 2549 c
502 2485 636 2572 plebeiis
662 2485 883 2552 tantummodo
905 2488 1003 2550 creati
1032 2483 1196 2572 praeficie-

138 2587 262 2652 bantur.
308 2587 408 2673 Quod
431 2609 525 2674 quum
548 2591 591 2654 ita
613 2593 663 2669 sit,
688 2611 793 2675 neque
816 2588 947 2654 alterum
969 2589 1116 2675 prolecto
1140 2589 1196 2653 hu·

139 2691 186 2753 ius
210 2691 336 2756 dicendi
360 2696 487 2777 generis
514 2696 547 2755 in
575 2704 643 2780 tota
673 2697 858 2775 antiquitate
886 2701 986 2754 exstet
1010 2689 1195 2770 exemplum,

138 2797 257 2869 nescio,
280 2791 545 2876 quemadmodum
568 2792 701 2876 simplici
723 2812 805 2854 voce
827 2789 1002 2866 „tribuno“
1024 2791 1196 2873 imperator

138 2897 243 2978 possit
257 2893 438 2981 significari,
461 2893 502 2958 ad
518 2915 609 2980 quem
631 2891 882 2981 intellegendum
904 2891 1026 2958 nullum
1051 2891 1135 2958 aliud
1153 2914 1194 2957 ne

139 3001 300 3062 miminum
324 2998 450 3083 quidem
473 3020 533 3063 noe
549 3009 645 3064 vocat
667 2999 824 3063 indicium.
860 2997 957 3081 Quid,
980 2995 1069 3081 quod
1090 2999 1125 3058 in
1146 3017 1194 3058 sa-

140 3103 199 3162 tira
215 3101 304 3175 VIL,
332 3101 386 3162 ubi
416 3103 457 3164 de
486 3123 584 3182 parco
614 3099 845 3173 emolumento,
874 3098 962 3180 quod
984 3098 1194 3182 grammaticis

141 3199 386 3281 rhetoribusque
410 3221 446 3260 cx
470 3197 588 3260 scholis
610 3198 734 3272 redcat,
757 3196 886 3270 dicitur,
908 3218 938 3256 v.
953 3198 1020 3258 228
1042 3194 1153 3257 verba:

246 3324 320 3372 Rara
337 3324 426 3370 tamen
445 3331 565 3397 meroes,
584 3332 654 3382 quae
672 3318 829 3383 cognitione
846 3316 946 3368 tribuni

245 3411 305 3460 Non
324 3411 406 3472 egeat
424 3411 477 3458 ete.

140 3511 253 3576 eodem
276 3513 345 3574 iure
369 3509 408 3574 de
430 3514 623 3596 imperatore
646 3507 796 3595 explicari
824 3509 1021 3594 potuissent?
1065 3509 1192 3572 Utrum-

140 3635 202 3698 que
218 3617 301 3678 cnim
321 3614 426 3691 lucum
449 3615 603 3676 artissime
625 3613 797 3677 cohaerere
819 3611 1091 3698 demonstraturus
1113 3630 1190 3674 sum.

140 3717 204 3782 Sed
233 3719 266 3781 in
296 3717 344 3780 his
367 3737 496 3802 quoque
519 3714 707 3781 incredibile
730 3726 927 3802 quantopere
950 3714 1125 3780 erraverint
1145 3716 1191 3778 in-

140 3873 335 3886 Qun-

212 3971 244 4036 l)
268 3967 400 4026 Neronem
420 3967 518 4025 multos
539 3977 565 4024 ot
582 3969 767 4028 nobilissimos
782 3991 902 4048 quosque
917 3972 943 4024 in
957 3969 1072 4023 Arenam
1084 3963 1191 4021 descen·

140 4051 204 4106 dere
219 4057 347 4128 coegisse,
367 4065 396 4110 ut
414 4053 531 4109 dedecus
551 4075 636 4123 suum,
656 4061 716 4133 quia
736 4057 867 4113 similibus
887 4057 966 4111 rebus
985 4073 1015 4110 se
1034 4053 1190 4128 inquinavit,

139 4136 259 4193 molliret
277 4149 369 4195 notum
389 4149 430 4194 est
449 4159 463 4194 e
482 4139 544 4196 Tac.
564 4140 634 4197 Aun.
646 4143 716 4200 XIV.
738 4147 778 4201 14.
