2980 4700
569 643 786 720 SATIRA
819 642 843 717 1.

267 827 374 890 Prima
396 825 514 900 statim,
542 819 584 886 de
607 820 720 907 quihus
742 819 859 899 dicam,
882 821 1006 900 verba,
1020 821 1095 886 licet
1116 845 1175 907 per
1197 846 1232 892 se

180 931 244 992 sint
266 925 501 1012 simplicissima,
522 927 683 990 scientiam
707 923 863 1009 quandam
885 923 1051 1010 postulant
1071 927 1149 990 iuris
1168 929 1233 992 Ro-

180 1033 272 1108 mani,
295 1051 425 1115 eamque
445 1033 545 1115 ipsam
566 1027 609 1094 ob
628 1049 752 1094 causam
767 1031 878 1094 mirum
894 1031 928 1094 in
943 1026 1071 1095 modum
1087 1029 1127 1094 ab
1144 1051 1232 1096 enar-

179 1134 337 1200 ratorihus
360 1144 435 1200 sunt
455 1133 654 1219 perturbata,
677 1155 772 1216 quum
794 1132 848 1197 alii
870 1131 1005 1211 nullam,
1030 1132 1084 1199 alii
1106 1135 1232 1200 nimiam

180 1237 248 1302 fere
270 1236 471 1301 adhibuerint
486 1235 671 1302 doctrinam.
706 1235 788 1300 Sunt
809 1256 921 1302 versus
943 1236 993 1302 illi
1013 1246 1070 1300 sat.
1085 1238 1110 1304 1.
1130 1261 1160 1302 v.
1178 1241 1229 1302 51.

179 1361 261 1425 sqq„
286 1339 357 1416 ubi,
380 1359 436 1405 cur
458 1340 499 1406 ad
521 1340 585 1406 hoc
606 1340 803 1424 potissimum
825 1341 942 1406 satirici
964 1343 1108 1405 carminis
1130 1343 1232 1426 genus

178 1442 391 1521 inclinaverit,
414 1443 516 1510 facete
540 1453 572 1510 et
594 1446 704 1508 iocose
727 1446 861 1530 exponit
881 1453 992 1528 poeta:

283 1559 360 1612 ilaec
377 1571 431 1624 ego
448 1573 503 1612 aon
522 1561 630 1611 medam
647 1557 789 1610 Venusina
806 1557 889 1623 digna
904 1551 1039 1612 lucerna?

282 1646 360 1696 Haec
377 1659 430 1710 ego
449 1660 504 1698 non
521 1639 643 1712 agitem?
679 1645 733 1696 Sed
752 1643 813 1710 quid
832 1645 921 1710 magis
938 1647 1089 1700 Heracleas

222 1726 227 1730 ’
284 1733 340 1782 Aut
356 1731 519 1784 Diomedeas
537 1735 584 1783 aut
602 1731 735 1796 mugitum
749 1731 911 1794 natyrintni

283 1817 411 1867 nauare
430 1829 587 1880 percussum
607 1829 691 1878 puero
708 1817 865 1878 fabrumque
883 1817 1031 1882 volantem,

284 1903 371 1960 Quum
388 1902 451 1950 leno
470 1901 587 1962 accipiat
604 1901 709 1949 moechi
727 1901 810 1966 hona,
829 1899 853 1950 sl
869 1899 992 1960 capiendi
1143 1895 1196 1963 55)

283 1984 330 2034 lus
347 1985 450 2036 nullum
468 1986 562 2051 uxori,
581 1987 678 2036 doctus
695 1988 823 2048 spectare
840 1986 964 2050 lacunar,

220 2105 226 2116 .
283 2070 387 2122 Doctus
405 2073 434 2124 et
450 2072 486 2124 ad
504 2069 619 2124 cnhcem
637 2071 765 2136 vigilanti
781 2074 901 2128 stertere
918 2085 995 2124 naso.

178 2166 382 2254 Singulorum
396 2167 569 2234 verborum
589 2169 747 2253 explicare
770 2169 1036 2256 significationem
1057 2189 1126 2232 non
1147 2189 1231 2251 opus

179 2273 253 2346 erit,
276 2291 371 2352 quum
392 2268 477 2334 hene
499 2271 631 2335 omnino
654 2270 855 2336 Heinrichins
878 2271 939 2334 iam
960 2268 1086 2334 funeas
1107 2269 1149 2332 sit
1170 2269 1233 2333 hoc

179 2372 329 2456 negoti03
356 2369 518 2435 videamus
545 2373 642 2458 igitur
666 2373 812 2457 protinus
836 2369 877 2435 de
899 2373 999 2436 totius
1019 2369 1085 2437 loci
1106 2381 1232 2437 senten-

145 2501 147 2504 ·
178 2476 231 2538 tia.
276 2473 411 2540 Exstant
430 2483 536 2538 autem
558 2473 641 2539 duae
664 2477 795 2540 maxime
818 2477 1005 2562 opiniones,
1033 2477 1165 2562 quarum
1187 2476 1232 2542 al-

178 2587 276 2644 teram
299 2597 430 2663 eamque
452 2582 662 2665 antiquiorem
677 2582 851 2666 Propertius
869 2589 978 2645 tuetur
992 2583 1026 2643 in
1043 2583 1151 2666 priore
1166 2581 1232 2645 edi-

177 2683 281 2759 tione,
309 2685 452 2767 sequitur
472 2683 688 2761 Achaintrius,
718 2683 847 2748 alteram
869 2683 1070 2748 Heinriehius
1098 2683 1232 2768 protulit

178 2787 400 2848 consentiente
427 2794 540 2868 postea
562 2788 720 2869 Rupertio
746 2788 780 2856 in
798 2783 1120 2858 secundaeditione.
1166 2783 1231 2852 Sed

177 2895 292 2951 neuter
312 2895 432 2952 rectum
452 2886 541 2952 vidit.
586 2887 686 2974 Quod
707 2891 892 2975 saepissime
914 2888 1030 2954 lachim
1055 2890 1158 2956 estin
1180 2889 1230 2956 lu-

176 2988 299 3068 venale,
321 2998 357 3054 ut
378 3012 417 3055 ex
437 2991 575 3072 scholiis,
601 3015 682 3079 quae
704 2993 798 3059 nohis
821 3003 947 3058 servata
969 3002 1230 3077 sunt,tamqnau1

176 3092 335 3158 uberrimo
358 3115 396 3159 er
417 3095 509 3160 fonte
530 3099 687 3160 innumeri
708 3105 934 3180 promanarunt
956 3115 1089 3170 errores,
1112 3093 1145 3158 id
1168 3096 1231 3158 hoc

178 3217 305 3279 quoque
333 3195 408 3260 loeo
438 3195 607 3274 aecidit¹).
653 3195 819 3280 Explioata
848 3197 931 3256 enim
960 3204 1034 3256 aunt
1055 3194 1155 3258 verba
1180 3200 1232 3272 „si

177 3294 349 3383 „capiendi
365 3299 415 3361 ius
433 3295 555 3361 nullum
572 3299 720 3361 uxori‘⁴a
741 3293 921 3374 scholiasta,
942 3298 1052 3361 nescio
1076 3319 1150 3382 quo,
1172 3299 1232 3363 hac

176 3396 314 3468 ratione:
336 3403 381 3481 „si
404 3422 484 3466 texor
500 3403 567 3467 eius
588 3403 658 3466 iure
680 3399 870 3488 impediatur
893 3398 1028 3466 adulteri
1049 3402 1231 3483 succedere,

177 3508 269 3591 „ipse
290 3509 418 3570 maritus
440 3505 515 3573 leno
538 3505 681 3571 succedit
702 3503 847 3570 adultero
871 3505 976 3581 heres,
1006 3517 1042 3570 ut
1067 3528 1126 3592 per
1153 3506 1231 3572 fidei

176 3612 398 3686 „commissum
424 3629 475 3673 res
497 3607 633 3674 adulteri
655 3609 694 3674 ad
717 3608 892 3674 adulteram
913 3611 1072 3673 veniantf‘
1114 3610 1230 3696 Neque

177 3719 240 3774 tam
261 3713 373 3775 mirum
395 3711 557 3796 prolecto,
586 3713 672 3796 quod
697 3717 840 3799 priorum
862 3722 1038 3798 temporam
1060 3715 1120 3778 viri
1142 3714 1230 3778 docti

248 3964 272 4016 1.
296 3959 397 4018 Tamen
415 3981 469 4019 non
488 3964 575 4022 omnia
593 3961 639 4018 illa
657 3963 760 4021 scholia
778 3974 842 4020 sunt
859 3962 1019 4042 spernenda,
1038 3983 1118 4038 quum
1134 3965 1228 4024 hahea-

177 4063 236 4100 mns
259 4047 329 4103 inter
350 4047 448 4106 molem
467 4049 628 4127 ineptiarum
647 4052 804 4127 perantiqua
823 4052 902 4111 etiam
919 4049 1093 4128 glossemata,
1116 4073 1228 4129 quorum

178 4133 362 4194 auctoritatem
377 4135 469 4212 magis,
486 4156 565 4214 quam
583 4157 633 4216 par
650 4147 715 4208 erat,
733 4137 880 4215 ωςΙοοῐιιιι
898 4158 959 4198 esse
976 4136 1044 4198 iufra
1056 4137 1216 4199 videbimus.
