2980 4700
1209 327 1234 396 9

106 513 108 517 “
184 505 315 568 omnino
337 524 436 590 opera
458 508 493 570 in
514 506 682 600 utriusque.
701 512 734 568 et
751 505 851 570 Persii
873 516 905 570 et
926 505 1087 572 Iuvenalis
1112 523 1235 571 enarra-

183 611 271 672 tione
292 607 445 691 ponenda
466 617 578 686 restat,
607 617 643 672 ut
666 629 684 670 a
707 609 796 672 vanis
819 608 880 673 illis
903 612 1111 696 interpretum
1131 609 1236 685 hario-
1357 649 1360 654 -

182 709 354 776 lationibus
377 709 721 797 superstitionibusque
743 709 925 776 liberentur.
1179 779 1182 785 ,
1235 795 1239 800 Ι

269 815 423 900 Superest
440 813 501 876 alia
517 833 578 892 res,
599 811 747 897 adquam
761 812 904 878 nondum
926 816 1002 880 satis
1024 816 1160 882 animum
1182 816 1237 882 ad-

182 917 361 997 tendcrunt,
383 919 438 1003 qui
453 915 638 1002 explicanda
652 915 732 980 haec
747 921 883 981 carmina
899 918 1041 1004 aggressi
1057 927 1139 981 sunt.
1164 919 1239 984 Plu<

181 1020 268 1085 ribus
292 1023 388 1099 enim,
411 1041 489 1105 quas
511 1019 643 1106 longum
665 1019 717 1082 hic
740 1030 788 1086 est
810 1041 1010 1100 enumerare,
1032 1022 1135 1084 causis
1157 1025 1238 1085 veri-
1290 1007 1291 1012 ἵ

181 1122 282 1186 simile
309 1122 466 1202 redditur,
493 1134 622 1209 poetam
644 1122 775 1188 multum
798 1147 836 1188 ac
857 1123 912 1189 diu
935 1127 994 1188 arti
1014 1127 1238 1212 grammaticae

182 1236 214 1289 et
235 1227 414 1290 rhetoricae
433 1246 562 1311 operam
583 1225 724 1301 dedisse;
747 1237 950 1312 quapropter,
972 1249 1069 1312 quum
1089 1231 1124 1292 in
1145 1232 1237 1292 utris·

91 1357 94 1360 ·
182 1351 243 1414 que
266 1328 350 1393 haud
373 1329 469 1393 dubie
490 1338 634 1393 versatus
656 1329 751 1394 fuerit
772 1329 872 1393 literis
894 1339 957 1394 tam
980 1330 1113 1394 Graecis
1143 1353 1235 1416 quam

121 1497 124 1502 ,
180 1433 309 1511 Latinis,
331 1453 399 1496 non
417 1431 499 1497 adeo
519 1436 638 1512 mirum,
662 1431 748 1520 quod
765 1432 878 1498 doctus
894 1443 991 1518 poeta
1006 1432 1144 1498 libenter
1158 1455 1236 1520 prae

180 1557 214 1600 se
237 1536 309 1601 tulit
329 1534 414 1600 illam
437 1536 613 1601 doctrinam
636 1546 732 1622 atque
755 1535 974 1614 eruditionem,
998 1535 1148 1622 quodque
1167 1542 1236 1603 no'n

180 1639 282 1704 solum
304 1640 466 1704 rhetorico
487 1639 626 1726 quodam
650 1641 761 1706 colore
783 1643 894 1705 satiras
915 1640 1034 1719 imbuit,
1057 1640 1236 1722 sedetiam,

1 1742 13 1758 ''
119 1802 122 1808 .
181 1743 362 1828 ubicunque
383 1742 455 1807 fieri
476 1747 589 1829 potuit,
612 1744 724 1810 doctas
740 1744 889 1830 dispersit
907 1747 1097 1822 notationes,
1121 1745 1235 1828 quibus

167 1845 351 1924 historiam,
373 1845 490 1924 literas,
511 1851 662 1932 poeticen
683 1849 823 1911 breviter
840 1856 873 1910 et
889 1847 1053 1910 obscurius
1076 1845 1234 1910 interdum

181 1957 332 2034 tangens,
360 1969 548 2036 permagnas
576 1948 661 2014 haud
688 1969 762 2012 raro
784 1947 917 2034 praebet
938 1946 1152 2013 difficultates.
1197 1949 1235 2012 ln

179 2051 284 2115 multis
302 2060 466 2136 praeterea
484 2053 563 2116 locis
582 2053 766 2117 enarrandis
788 2055 984 2117 accuratiore
1002 2050 1136 2138 quadam
1153 2073 1235 2137 opus

181 2162 228 2217 est
257 2157 378 2239 antiqui
405 2150 483 2219 iuris
512 2160 714 2242 cognitione,
741 2179 804 2241 que
832 2156 974 2220 destituti
1001 2176 1112 2219 omnes
1134 2176 1236 2238 aeque
1302 2181 1305 2189 ·

179 2261 363 2340 superiores
385 2260 576 2340 interpretes
599 2277 690 2340 quam
714 2257 811 2319 foede
833 2257 915 2340 lapsi
936 2259 1006 2332 sint,
1029 2255 1093 2317 dici
1106 2258 1158 2318 vix
1178 2276 1237 2341 po-

181 2369 257 2434 test;
280 2356 560 2421 demonstrandum
583 2361 650 2436 en't,
672 2379 713 2422 ne
735 2361 873 2443 iniquius
895 2357 1005 2422 tulisse
1025 2356 1136 2422 videar
1157 2357 1237 2424 iudi-

148 2495 150 2500 ·
181 2465 272 2541 cium,
293 2460 437 2547 pluribus
458 2461 541 2525 inira
565 2462 724 2548 exemplis.
766 2462 932 2527 Libentius
953 2463 1014 2526 iam
1038 2466 1236 2529 excusaveris

180 2564 294 2629 doctos
316 2567 403 2628 viros
432 2585 661 2651 saepenumero
691 2576 847 2646 errantes,
875 2566 931 2631 ubi
951 2566 1116 2634 ,obscenae
1139 2567 1236 2632 lubri-

180 2689 300 2754 caeque
322 2691 388 2748 res3
419 2669 532 2754 quibus
554 2669 712 2735 redundat
733 2681 844 2756 poeta,
870 2669 965 2733 valde
987 2673 1144 2758 ingratum
1165 2670 1236 2734 red-

180 2771 260 2836 dunt
281 2775 463 2856 interpretis
485 2773 642 2849 officium,
668 2784 704 2836 ut
726 2795 820 2856 quam
842 2773 1005 2836 celerrime
1028 2793 1068 2837 eo
1091 2793 1236 2857 superse-

181 2870 257 2965 dere
281 2877 457 2959 cupiamus,
481 2882 514 2937 et
535 2884 608 2939 sunt
629 2875 792 2960 profecto,
818 2897 951 2962 quorum
975 2877 1097 2940 animos
1121 2876 1161 2940 ab
1185 2899 1236 2941 ao·

181 2981 337 3042 curatiore
360 2976 518 3042 luvenalis
539 2983 728 3044 tractatione
751 2980 825 3044 talia
848 2989 1001 3044 avertant.
1045 2972 1156 3044 Nihilo
1187 3003 1235 3044 se-

180 3083 247 3144 cius
269 3081 324 3145 illa
347 3102 474 3166 quoque
496 3081 630 3166 pudore,
653 3093 688 3145 ut
709 3086 752 3146 ita
772 3082 880 3158 dicam,
903 3080 1095 3165 aliquamdiu
1108 3093 1234 3146 remoto

181 3201 252 3246 cum
267 3186 381 3247 ceteris
403 3183 600 3266 expedienda
617 3191 648 3244 et
670 3182 712 3245 ad
735 3181 888 3265 liquidum
909 3181 1115 3264 perducenda
1137 3193 1219 3246 sunt.

268 3283 368 3369 Quod
384 3305 479 3368 quum
494 3286 537 3346 ita
552 3286 601 3360 sit,
611 3282 716 3346 ·facile
731 3282 934 3370 intellegitur,
958 3285 1011 3368 qui
1030 3283 1098 3364 fiat,
1117 3292 1153 3348 ut
1174 3306 1236 3350 nec

180 3391 211 3452 in
228 3399 296 3453 arte
312 3389 426 3466 critica,
449 3409 511 3452 nec
524 3390 557 3452 in
573 3383 835 3472 interpretatione
857 3409 899 3452 ne
920 3387 1083 3475 paululum
1105 3387 1232 3474 quidem

180 3489 389 3556 satisfecerint
417 3491 567 3556 editores.
613 3493 753 3571 Etenim,
781 3496 808 3558 si
837 3496 1015 3579 quaerimus
1041 3492 1083 3557 de
1106 3496 1232 3558 criticae

180 3599 255 3659 artis
277 3595 438 3673 subsidiis,
465 3585 671 3683 pbrmagnum
693 3599 869 3662 invenimus
891 3597 1044 3662 librorum
1066 3600 1235 3662 manuscri-

180 3707 307 3783 ptorum
329 3720 501 3777 numerum,
523 3702 557 3762 in
573 3701 687 3785 quibus
703 3724 808 3788 neque
826 3700 942 3766 desunt
959 3701 1152 3784 antiquiores
1169 3705 1234 3784 qui-

181 3800 267 3883 dam,
289 3805 439 3889 imprimis
462 3805 545 3866 inter
568 3803 740 3869 Achaintrii
762 3805 850 3882 illos,
874 3805 927 3888 qui
949 3804 996 3865 uti
1016 3805 1054 3867 iis
1075 3803 1233 3878 nescibat;

180 3904 238 3968 sed
256 3927 360 3991 quum,
377 3910 489 3994 partim
507 3905 716 3994 neglegenter
730 3909 898 3972 videantnr
915 3903 1031 3983 collati,
1051 3907 1165 3992 partim
1180 3928 1233 3972 au-

182 4012 309 4075 ctoritas
327 4033 434 4077 eorum
459 4020 577 4074 temere
599 4021 706 4095 spreta
729 4015 776 4089 sit,
799 4004 931 4096 magnus
954 4009 1057 4074 adhuc
1078 4009 1138 4074 hoc
1155 4032 1233 4096 quo-

185 4131 246 4194 que
268 4114 301 4176 in
323 4135 358 4177 re
382 4112 577 4178 exercendae
600 4113 783 4200 diligentiae
806 4121 893 4199 patet
915 4135 1050 4200 campus.
1156 4187 1158 4195 s
