2980 4700
1151 357 1200 429 79

145 578 217 620 nem
241 555 421 643 languidius
444 553 541 638 paulo
565 555 708 637 seqnitur
729 535 1010 625 „nemoDianam‘
1025 547 1055 622 ¹)
1076 542 1111 608 id
1132 551 1199 608 tan-

145 671 209 725 tum
234 680 344 746 urgeo,
366 653 454 742 quod
477 654 531 718 alii
552 658 614 718 iam
636 662 712 717 ante
734 670 784 714 me
807 667 968 725 monuere,
990 667 1032 712 ne
1054 651 1128 712 satis
1145 669 1200 712 ve-

145 785 212 828 rum
236 761 363 847 quidem
387 777 464 833 esse,
488 757 668 841 Aegyptios
689 755 826 816 Dianam
849 771 916 815 non
939 749 1077 814 coluisse
1099 749 1200 827 deam,

146 889 240 951 quum
270 863 452 925 notissimus
467 861 523 921 ,sit
544 860 669 923 Dianae
696 855 799 920 cultus
824 856 859 918 in
881 853 960 917 urbe
981 850 1114 914 Bubasti
1137 852 1198 931 (ef.

146 967 235 1032 Ovid
257 972 329 1026 met.
345 963 398 1025 IX.
422 963 484 1025 691
511 983 576 1048 sqq.
600 959 762 1027 lablonslr.
786 958 897 1024 Panth.
920 959 1058 1043 Aegypt.
1076 954 1117 1032 11,
1137 955 1199 1033 3.>.

147 1067 212 1133 Sed
227 1067 305 1130 haec
320 1085 447 1150 quoque
462 1064 555 1144 levia,
577 1069 605 1130 si
625 1066 789 1150 sequentia
811 1073 944 1151 spectas.
978 1060 1093 1125 Omnis
1117 1060 1199 1120 enim
1228 1129 1230 1136 Α

147 1170 201 1234 illa
225 1173 307 1233 inter
328 1168 475 1233 Ombitas
505 1178 537 1230 et
560 1171 744 1251 Tentyritae
772 1189 882 1253 pugna
907 1164 1053 1251 intellegi
1079 1171 1199 1227 tantum

147 1281 270 1357 potest,
299 1275 325 1333 si
351 1272 455 1333 vicina
484 1269 581 1334 fuisse
611 1289 720 1333 eornm
749 1268 868 1353 oppida
897 1276 1086 1344 statuamus,
1112 1263 1200 1349 quod

148 1377 215 1458 ipse
238 1383 334 1461 poeta
358 1373 446 1438 dicit:

252 1519 326 1568 lnter
343 1514 472 1570 finitimos
491 1519 570 1568 retus
589 1521 670 1581 atque
688 1516 799 1582 antiqua
815 1515 949 1582 simultas,

253 1605 409 1654 immortale
428 1604 516 1655 odium
536 1608 564 1654 et
582 1617 726 1668 numquam
744 1602 865 1655 sanabile
882 1602 981 1652 volnus

165 1685 216 1751 35)
252 1690 338 1739 Ardet
355 1691 440 1742 adhue
459 1690 559 1740 Ombos
577 1694 607 1740 et
625 1693 756 1754 rentyra.
792 1693 917 1742 Summus
935 1685 1069 1751 uta-imque

252 1774 318 1824 lude
336 1777 413 1825 furor
430 1777 524 1842 volgo,
544 1777 614 1839 quod
632 1778 741 1828 numina
750 1775 909 1827 'vicinorum

253 1859 316 1908 Odit
333 1863 447 1922 uterque
464 1862 553 1925 locus,
571 1861 624 1908 ete.

148 1985 205 2050 sed
234 1985 305 2050 illas
335 1998 446 2074 gentes
476 2008 542 2051 non
571 1985 669 2050 modo
692 1986 770 2052 Nilo
799 1985 942 2064 flumine,
972 2005 1080 2049 verum
1109 1981 1201 2048 etiam

32 2090 36 2105 ’
91 2103 95 2108 ’
147 2093 286 2175 quinque
308 2093 410 2156 nomis
433 2093 516 2155 inter
538 2112 573 2157 se
597 2089 725 2170 distare,
757 2093 886 2178 egregie
914 2089 1204 2176 primusexposuit

148 2189 318 2256 Salmasius
342 2197 487 2272 (exercit.
510 2192 592 2257 Plin.
608 2217 639 2277 p.
657 2197 731 2258 318.
755 2216 821 2278 sqq.
846 2193 884 2255 cl.
901 2195 1011 2256 Heinr.
1034 2190 1074 2253 ad
1097 2191 1126 2252 h.
1151 2184 1201 2270 1.),

32 2284 35 2293 ’
149 2314 244 2378 quos,
276 2317 316 2357 ne
345 2295 447 2358 mulus
477 2297 548 2373 sim,
580 2315 709 2381 possum
739 2294 878 2358 laudare.
930 2295 1040 2379 ltaque
1068 2290 1201 2356 ridicule

148 2416 224 2458 sane
247 2399 396 2484 Pinzger,
424 2400 477 2483 qui
499 2397 696 2476 Iuvenalem,
719 2408 754 2462 ut
775 2407 880 2483 putat,
904 2396 1101 2476 defensurus,
1123 2395 1202 2460 haec

148 2497 270 2586 fere-in
293 2499 429 2564 medium
455 2500 601 2587 protulit:
632 2507 813 2588 „poterat“,
842 2505 957 2588 inquit,
984 2500 1123 2587 „procul
1145 2499 1201 2564 du-

147 2600 239 2680 ‚,bio,
269 2611 364 2689 quum
395 2609 619 2692 octogenarius
649 2609 773 2670 venerit
800 2609 834 2669 in
864 2607 1061 2693 Aegyptum,
1087 2627 1203 2691 neque,

32 2700 35 2711 '
145 2753 162 2781 ,‚
170 2715 205 2766 ut
219 2704 352 2784 videtur,
374 2707 518 2772 locorum
542 2713 575 2772 in
597 2713 636 2772 iis
657 2709 842 2794 regionibus
858 2712 990 2771 sitorum
1005 2729 1201 2796 magnopere

147 2808 313 2882 „curiosus
335 2809 445 2885 fuerit,
468 2812 653 2893 Tentyrites
677 2820 709 2875 et
731 2809 877 2873 Ombitas
899 2809 1052 2874 finitimos
1075 2833 1201 2893 vocare,

145 2929 263 2992 „quum
279 2912 407 2975 nonnisi
423 2910 463 2974 ad
483 2900 729 2999 trigesimum
753 2912 889 2998 lapidem
912 2916 995 2978 inter
1017 2936 1051 2978 se
1074 2910 1200 2996 distent,

29 3092 34 3101 Ι
145 3032 271 3097 „neque
300 3016 384 3077 inter
412 3026 578 3102 utrumque
608 3017 760 3101 oppidum
786 3016 872 3081 aliud
897 3019 1024 3081 maioris
1049 3023 1199 3110 momenti

28 3172 33 3183 ,
145 3114 258 3187 „situm
289 3119 360 3194 sit“.
406 3118 515 3177 Potuit
537 3138 613 3178 sane
635 3117 668 3178 id
691 3119 812 3194 lacere,
841 3123 948 3202 potuit
976 3121 1083 3196 etiam,
1113 3119 1199 3206 quod

146 3209 289 3274 Orellius
305 3216 482 3296 suspicatus
499 3225 554 3293 est,
570 3217 767 3280 confundere
782 3216 928 3284 Ombitas
945 3243 1014 3283 curn
1029 3214 1202 3306 propriore

29 3360 35 3379 ,
146 3310 279 3397 quadam
304 3317 481 3399 Tentyritis
504 3327 613 3403 gente;
645 3318 702 3381 sed
726 3317 759 3382 id
782 3323 883 3405 ipsum
906 3325 1064 3408 vitupero.
1111 3324 1199 3412 Quin

33 3406 37 3421 '
145 3425 250 3478 tantus
275 3427 322 3481 est
346 3436 448 3495 error,
472 3430 506 3482 ut
529 3419 568 3482 ab
593 3440 648 3498 eo,
671 3425 725 3506 qui
748 3425 945 3512 Aegyptum,
972 3436 1008 3491 ut
1029 3428 1079 3494 hic
1100 3430 1197 3495 homo

144 3519 246 3584 videri
270 3520 351 3599 vult,
372 3524 440 3606 ipse
464 3522 596 3602 adisset,
619 3529 770 3590 committi
792 3549 860 3592 non
881 3533 1046 3616 potuisset.
1165 3603 1201 3614 Α,

230 3623 372 3714 Aliarum
400 3637 503 3692 autem
532 3630 772 3710 sententiarum,
802 3654 882 3718 quae
911 3656 1005 3720 quum
1033 3635 1202 3717 absurdae,

143 3805 212 3812 -......
220 3805 341 3816 ,---....,....
384 3815 386 3820 ,

215 3905 248 3974 l)
272 3903 334 3962 Non
352 3927 394 3962 me
411 3905 487 3983 fugit,
506 3927 588 3986 posse
607 3909 802 3985 quodammodo
815 3911 923 3970 defendi
934 3910 1047 3971 Dianam
1064 3900 1196 3977 hoc'loeo

142 3991 272 4046 intrusam
288 4003 402 4070 propter
421 4013 512 4050 canem
529 4005 689 4074 perpetuum
706 3996 786 4056 huius
805 3999 871 4056 deae
889 3995 1013 4057 comitem
1034 4002 1115 4080 paulo
1134 4017 1196 4065 ante

142 4088 387 4146 commemoratum
410 4089 498 4136 tamen
522 4099 628 4160 semper
649 4083 768 4161 languidi
789 4086 892 4165 aliquid
909 4097 1041 4158 remanet,
1062 4091 1137 4166 quod
1154 4111 1195 4151 re·

141 4163 243 4216 moveri
261 4165 361 4237 nequit.
