2980 4700
1180 329 1230 403 25

176 516 316 592 estium
340 535 418 594 esse,
440 518 555 603 pergit,
577 514 741 600 quomodo
764 514 908 578 facinore
933 534 1041 580 eorum
1064 513 1149 578 levia
1172 535 1230 600 pu-

173 627 241 682 tare
261 621 374 704 possis,
397 640 492 705 quum
506 617 559 682 vel
582 639 719 683 summos
741 620 789 682 rei
811 615 960 702 publicae
974 621 1061 683 viros
1082 639 1150 683 non
1171 640 1229 703 pu-

172 719 249 785 deat
276 725 309 787 in
339 721 475 807 publicis
502 721 680 785 actionibus
703 719 835 785 similem
859 719 1029 787 ostendere
1051 725 1228 799 vesaniam

171 828 278 911 itaque
302 823 379 889 dicit
401 848 429 888 v.
446 825 498 888 65.
523 831 557 887 et
577 844 644 909 sqq.

723 981 760 994 -
777 981 813 994 -
830 981 868 993 -
886 959 939 1010 Sed
957 959 1019 1023 quid

278 1046 338 1095 Non
355 1043 458 1095 socient
475 1043 538 1112 ulii,
556 1055 636 1108 quum
654 1046 685 1094 tu
702 1045 826 1096 multicia
842 1057 944 1113 sumus,

280 1129 404 1198 Oretioe,
423 1133 452 1182 et
470 1133 539 1180 hauc
557 1133 660 1180 vestem
679 1133 778 1192 populo
796 1130 911 1182 mirante
928 1143 1042 1194 perores

278 1217 310 1266 ln
327 1215 460 1265 Proculus
479 1217 508 1264 et
524 1207 659 1264 Pollitas‘l
695 1216 746 1264 Est
763 1219 876 1267 moecho
892 1219 1021 1282 Fabulls5
1044 1213 1070 1280 ¹)

279 1301 442 1366 Damnetur,
461 1298 485 1348 si
501 1299 559 1365 vis,
579 1297 662 1348 etium
681 1295 811 1350 Carfinia:
837 1303 918 1351 talem

192 1381 245 1450 70)
279 1389 340 1436 Non
358 1389 448 1436 sumet
465 1387 593 1436 damnata
611 1387 711 1448 togam.
748 1388 802 1437 sed
819 1387 905 1437 lulius
923 1389 1011 1453 ardet,

277 1469 394 1525 Aestuo.
427 1474 520 1522 Nudus
539 1484 621 1538 ugus,
640 1469 728 1520 miuus
746 1475 789 1522 est
806 1471 914 1523 insania
931 1472 1027 1536 turpis.
1087 1539 1096 1546 ,

278 1563 320 1611 En
337 1559 468 1626 habitum,
489 1570 541 1622 quo
559 1561 587 1607 te
604 1559 683 1621 leges
701 1571 735 1608 ao
752 1558 814 1609 iure
830 1559 963 1610 terentem

278 1645 443 1698 Vulneribus
460 1644 551 1695 crudis
569 1645 686 1706 populus
703 1646 784 1694 modo
801 1644 891 1695 victor
909 1649 938 1696 et
955 1644 1022 1696 illud

281 1734 439 1782 Montanum
457 1730 555 1794 positis
574 1730 680 1781 audiret
697 1733 797 1796 volgus
815 1731 928 1782 aratris!

261 1859 313 1922 De
336 1859 450 1943 quibus
473 1879 541 1921 non
566 1861 625 1921 erit
646 1879 737 1942 opus,
759 1868 795 1922 ut
816 1845 951 1923 refutem
970 1859 1160 1942 Rupertium
1184 1860 1230 1922 in-

173 1973 224 2027 ter
237 1962 320 2024 hanc
336 1970 368 2025 et
389 1959 475 2024 illurn
498 1960 703 2026 fluctuantem
725 1964 1028 2048 interpretationem,
1051 1960 1169 2026 deinde
1193 1982 1231 2026 ex

174 2066 411 2151 simplicissimis
426 2064 532 2129 verbis
554 2065 588 2129 id
611 2074 858 2151 extorquentem‚
881 2088 950 2132 non
972 2067 1078 2131 dicere
1101 2075 1230 2151 poetam

172 2194 204 2234 v.
221 2172 272 2248 73,
295 2173 347 2235 74.
371 2168 412 2232 de
435 2171 541 2251 prisco
564 2168 621 2230 illo
645 2171 803 2245 Romano,
825 2168 888 2248 (ed
911 2191 1003 2252 quem
1027 2178 1131 2232 temen
1155 2170 1231 2231 satis

175 2283 286 2357 aperte
307 2289 487 2355 pronomen
508 2267 637 2346 „illud“
659 2289 720 2331 nos
742 2272 859 2349 vocat)
881 2269 939 2333 sed
960 2272 1003 2333 ita
1022 2267 1163 2332 voluisse
1186 2272 1232 2332 in·

175 2373 296 2461 tellegi,
319 2372 480 2438 Creticum
503 2380 567 2434 tam
588 2369 723 2435 ridicule
747 2392 816 2436 esse
831 2375 986 2451 vestitum,
1008 2382 1044 2437 ut
1065 2375 1092 2436 si
1116 2395 1156 2437 eo
1179 2374 1233 2438 he·

174 2477 245 2540 bitu
267 2476 356 2563 leges
380 2497 417 2538 ac
439 2477 507 2540 iura
529 2475 644 2554 ferret,
673 2475 750 2555 „vel
772 2475 929 2563 populus,
958 2480 1012 2562 qui
1033 2476 1146 2556 modo,
1171 2481 1231 2557 vix,

159 2569 293 2660 ,rediit
315 2583 432 2663 victor,
454 2579 642 2644 volneribus
665 2580 809 2645 nondum
832 2583 963 2659 sanatis,
994 2591 1026 2645 et
1047 2591 1232 2646 montanum

173 2684 321 2772 „volgus
351 2684 464 2748 relicto
488 2705 587 2769 opere
609 2686 738 2760 rustico,
762 2683 932 2767 cupiditate
955 2682 1138 2746 adcurreret
1161 2705 1231 2746 euru

173 2785 331 2867 „videndi
351 2786 592 2869 audiendique.“
624 2784 703 2847 Nou
719 2789 779 2847 erit
794 2805 884 2869 opus,
907 2794 942 2848 ut
955 2783 1142 2873 redarguam
1159 2787 1233 2851 Hei-

173 2889 322 2955 neckium
345 2891 473 2953 nimium
496 2893 647 2974 qnantum
671 2897 881 2976 argutantem,
914 2910 1009 2974 quum
1038 2899 1131 2976 putet
1153 2889 1233 2956 Cre·

175 2998 271 3058 ticum
301 2997 402 3079 ipsum
430 2996 636 3080 interrogare¹
659 2997 784 3072 „miuus
814 3002 862 3057 est
887 2995 1011 3055 insania
1033 2997 1176 3078 turpis?“
1200 3004 1233 3057 et
1310 3035 1313 3041 -

174 3118 309 3184 pergere
339 3106 404 3159 tum
434 3095 570 3159 eundem
596 3093 725 3156 mollem
754 3095 1032 3176 effeminatumque
1058 3096 1232 3157 hominem:

175 3200 250 3281 „Eu
272 3198 429 3271 habitum,
452 3215 516 3278 quo
539 3204 572 3256 te
594 3192 684 3278 leges
707 3214 745 3254 ac
765 3197 835 3256 iura
856 3194 1011 3255 ferentem
1035 3198 1111 3256 etc.“
1156 3195 1234 3258 Non

178 3321 262 3386 opus
286 3301 358 3376 erit,
387 3301 528 3382 inquam,
558 3305 683 3379 tempus
704 3297 738 3358 in
760 3296 808 3360 his
831 3315 1032 3377 consumere,
1057 3304 1143 3360 recte
1166 3295 1234 3362 fere

178 3403 326 3469 omnibus
350 3400 389 3465 ab
412 3401 597 3466 Heinrichio
621 3398 793 3485 explicetis.
837 3399 911 3479 Sed,
934 3422 1031 3487 quum
1054 3411 1086 3466 et
1107 3404 1178 3487 ipse
1199 3405 1234 3466 in

176 3508 297 3574 aliare
322 3524 446 3594 errores
469 3504 608 3571 cumulet
631 3504 807 3583 erroribus,
835 3505 1041 3571 subsistamus
1069 3504 1233 3591 paululum

175 3612 240 3675 hoc
266 3611 352 3674 loco.
397 3609 523 3672 Etenim
553 3609 698 3675 omnibus
726 3610 794 3675 fere
823 3606 987 3675 codicibus
1016 3607 1233 3674 confirmatum

249 3879 282 3949 l)
302 3877 432 3955 Corrupti
444 3877 524 3936 huius
540 3883 655 3937 nominis
674 3881 825 3950 „Pollius‘
837 3899 892 3936 nou
909 3878 996 3936 habeo
1014 3878 1232 3938 emendationem.

177 3963 254 4019 Libri
267 3963 396 4019 exhibent
407 3962 536 4034 Pollutas,
548 3964 676 4035 Pollucis,
690 3967 825 4032 Polluces,
840 3964 984 4034 Polluiees,
1003 3965 1137 4022 Polliuces
1150 3965 1233 4036 (unus

178 4048 249 4126 Rup.
262 4048 308 4104 Xl.
328 4046 407 4103 codd.
424 4048 561 4108 Aehsintr.
580 4051 613 4122 (e
631 4055 696 4109 meis
716 4052 769 4110 duo
787 4051 946 4128 Hamburg.)
966 4064 1017 4112 ete·
1036 4063 1100 4120 eto.;
1117 4050 1233 4110 fortusse

182 4144 285 4192 rectum
303 4142 356 4203 est,
375 4133 447 4210 quod
465 4135 555 4194 Heius.
575 4141 726 4215 proposuit,
744 4136 926 4206 „Pollidias“.
