2980 4700
268 317 321 392 38

271 503 313 568 lia
335 509 486 565 veneunt.
530 495 597 563 Sed
618 515 661 560 ne
682 497 746 561 hoc
767 495 894 581 quidem
917 495 1129 560 necessarium
1152 505 1209 574 est,
1232 519 1329 581 quum

157 631 175 658 ·
273 605 393 690 optime
408 602 559 689 explicari
581 603 685 686 possit
706 603 892 686 conspirans
916 601 1055 664 omnium
1077 598 1231 663 librorum
1253 601 1330 664 scri-

272 717 375 794 ptura.
420 707 503 772 Puto
533 709 618 770 enim
647 707 836 770 sententiam
863 705 946 768 hanc
975 723 1057 766 esse:
1086 710 1200 780 „tanto
1222 703 1328 786 pretio

273 813 460 897 „provincia
481 820 570 876 totos
591 830 688 896 agros
711 805 830 887 vendit
853 805 936 884 sad,
959 805 1054 892 quid
1075 806 1328 890 provinciam

273 913 407 994 „dicei
429 917 464 978 in
485 915 553 999 ipsa
576 911 667 976 ltalia
689 913 824 976 maiores
848 913 940 974 etiam
962 906 1074 972 vendit
1089 906 1232 993 Apulia.“
1264 904 1328 971 Eo-

273 1017 346 1082 dem
374 1017 473 1082 modo
501 1013 655 1102 particula
684 1012 788 1092 ,‚sed“
809 1011 923 1078 Ovidii
951 1011 1009 1076 illo
1038 1009 1115 1074 loco
1144 1019 1218 1076 met.
1242 1009 1330 1074 Vlll

272 1120 356 1196 282„
378 1139 470 1205 quem
493 1117 637 1183 Orellius
659 1111 814 1194 laudavit,
838 1112 1059 1203 intellegenda
1080 1123 1144 1178 ests

379 1239 456 1292 Misit
472 1249 581 1304 apuam,
601 1243 702 1304 quanto
719 1239 838 1291 maiores
855 1239 965 1292 herbida
982 1240 1078 1289 tauros
1113 1232 1118 1244 ‘

378 1327 440 1378 lion
458 1327 540 1377 hebet
555 1325 668 1388 Epiros:
691 1332 736 1378 set
753 1327 852 1376 habant
870 1325 964 1376 sicula
981 1336 1049 1374 arva
1065 1321 1196 1392 minores,

272 1425 338 1488 ie.
360 1425 444 1486 misit
465 1431 586 1486 tantum
609 1440 727 1506 aprum,
750 1431 887 1507 quantos
910 1419 1042 1484 herbida
1059 1419 1177 1503 Epiros
1199 1438 1241 1482 ne
1263 1429 1331 1484 tau-

272 1544 327 1589 ros
355 1522 482 1608 qnidam
508 1523 618 1600 habet;
647 1522 720 1603 sed,
749 1521 825 1608 quid
847 1521 922 1588 dico
946 1523 1088 1607 Epiron?
1116 1543 1212 1606 quum
1235 1524 1331 1586 etiam

272 1624 464 1690 fertilissima
487 1625 614 1690 Siciliae
643 1647 718 1691 arva
744 1629 883 1691 minores
909 1629 1051 1692 nutriant
1071 1633 1190 1689 tauros.
1236 1623 1332 1690 Cete-

272 1751 341 1794 rum
360 1731 555 1814 provinciam
570 1729 708 1796 Africam
729 1734 928 1817 potissimum
950 1727 1160 1818 significatam
1182 1749 1251 1792 esse
1273 1750 1332 1812 pu·

272 1831 404 1898 tandum
418 1835 488 1912 erit,
510 1833 564 1899 ubi
587 1855 701 1922 magna
724 1833 891 1900 latifundia
913 1833 1143 1920 locupletiores
1158 1835 1244 1898 cives
1258 1852 1332 1917 pos·

273 1934 394 2000 sedisse
415 1946 556 2002 constat

699 2077 901 2090 -u--u-—nn—

643 2249 862 2380 sArral
887 2303 954 2380 vr.

361 2444 503 2527 Exponit
523 2443 682 2507 Iuvenalis
711 2447 745 2508 in
773 2449 941 2509 notissimo
970 2446 1035 2508 hoc
1059 2449 1198 2510 carmine
1223 2445 1333 2512 mulie-

273 2567 342 2610 rum
352 2547 430 2609 vitia
443 2543 626 2609 foedissima
642 2554 736 2629 atque
752 2544 975 2622 intolerabilia,
991 2556 1026 2610 ut
1037 2547 1221 2610 Postumum
1235 2569 1332 2631 quen-

274 2647 360 2729 dam,
382 2651 527 2726 amicum,
551 2669 681 2712 uxorem
704 2646 884 2729 ductumm,
907 2668 1008 2734 pravo
1032 2650 1096 2713 hoc
1118 2647 1254 2712 consilio
1279 2647 1332 2710 de-

273 2762 405 2830 terreatt
435 2762 562 2838 etpost
584 2752 645 2816 alia
667 2752 726 2816 hos
748 2773 860 2816 versus
882 2753 988 2838 ponit:

290 2860 345 2931 60)
379 2865 569 2916 Porticibusne
587 2863 636 2916 'tihi
653 2868 821 2916 monstratur
837 2867 942 2916 femina
960 2870 1025 2916 voto

377 2949 468 3014 Digna
486 2945 554 3000 tuo?
586 2949 688 3000 Guneis
706 2963 741 3000 an
758 2951 858 3000 habent
875 2952 1035 3014 spectacula
1052 2951 1129 3016 totis,

327 3038 329 3042 ’
379 3037 457 3098 Quod
473 3048 589 3086 securus
607 3049 682 3086 emes
701 3037 822 3099 quodque
840 3035 902 3087 inde
921 3048 1070 3097 excerpere
1087 3030 1198 3100 possiet

379 3122 560 3174 chironomon
579 3124 681 3174 hedam
699 3121 775 3172 molli
793 3123 910 3172 saltante
929 3123 1056 3183 Bathyllo

377 3209 481 3260 Tuccia
498 3209 608 3260 vesicae
627 3221 681 3259 non
699 3209 829 3272 imperat3
853 3209 960 3272 Appula
978 3209 1076 3272 gannit

290 3289 342 3358 ot)
379 3295 456 3345 licut
472 3295 501 3342 ln
520 3296 646 3357 amplexu
664 3295 780 3344 subitum
798 3298 827 3345 et
845 3295 1015 3361 miserabile,
1033 3297 1147 3359 longum

377 3377 507 3427 Adtendit
524 3379 670 3442 Thymele:
690 3382 822 3443 'llhymele
841 3385 906 3430 tunc
923 3381 1028 3430 ntstica
1045 3380 1135 3430 discit.

273 3476 356 3538 itae
380 3475 552 3538 novissimo
578 3487 761 3541 enarratore
784 3478 981 3563 desparatOS,
1001 3487 1044 3554 ut,
1068 3473 1331 3562 quemadmodum

273 3598 309 3641 se
332 3575 478 3663 expediat
504 3581 647 3642 invenire
674 3591 779 3668 neget.
826 3583 868 3644 Et
890 3579 1001 3646 melius
1024 3583 1133 3664 utique
1158 3587 1220 3656 est,
1251 3598 1333 3663 quae

273 3683 448 3749 nesciamus
470 3692 581 3768 aperte
603 3682 757 3769 profiteri,
780 3705 880 3770 quam,
903 3687 1094 3770 quaelvanis
1117 3681 1332 3748 hariolatiani-

275 3939 446 4015 „Apulorum
464 3941 566 4016 gulam,
590 3946 633 4002 cui
651 3954 682 4000 ut
699 3945 926 4022 obsequerentur,
950 3963 1028 4020 agros
1047 3959 1112 3997 sues
1130 3940 1221 3996 viliori
1244 3940 1332 4017 prelio

278 4025 480 4166 1³vppderen't.“
518 4025 619 4086 Tamen
637 4030 703 4086 haec
720 4031 855 4108 placuisse
873 4029 999 4086 videntur
1017 4027 1157 4105 Repertis,
1174 4026 1333 4106 placuerunt

233 4154 235 4158 v
307 4130 321 4166 c
341 4112 445 4166 sintrio.
