2980 4700
240 293 248 306 ⁹
279 352 329 424 aa

280 537 357 617 „bus
372 533 524 600 militiulis
539 542 719 613 tumentem,
745 553 847 621 genus
869 535 1048 618 scripturae.
1066 534 1221 600 industrie
1245 558 1340 602 exco-

281 640 366 720 „luit
411 641 454 704 Et
482 647 587 704 tamen
615 637 699 704 bene
727 639 845 704 diune
867 635 995 702 modico
1021 637 1146 722 quidem
1174 638 1338 704 auditorio

282 746 463 830 „quicquam
487 744 682 806 committere
706 752 754 808 est
777 765 879 808 ausus.
918 741 997 805 lllox
1017 763 1132 829 magna
1155 741 1340 826 frequentia

282 869 480 937 „magnoque
501 867 650 911 successu
671 847 720 911 bis
744 869 781 911 ac
803 859 853 912 ter
875 844 1000 911 auditus
1016 855 1072 924 est,
1094 855 1182 910 ntea
1200 867 1337 930 quoque,

283 973 382 1038 „quae
404 953 503 1038 prima
527 950 659 1027 fecerat,
686 950 850 1021 inferciret
873 953 965 1012 novis
988 952 1127 1035 scriptis:
1374 947 1380 962 ‘

354 1082 433 1142 Quod
451 1091 505 1128 non
524 1080 588 1127 dant
605 1089 749 1143 proceres,
774 1077 847 1127 dabit
866 1076 972 1127 histrio.
1009 1079 1051 1128 Tu
1070 1077 1231 1130 camerinos

354 1168 388 1214 tit
405 1167 521 1228 Bareas,
541 1165 572 1212 tu
589 1162 718 1212 nobilium
736 1175 835 1226 magna
853 1163 925 1213 atria
942 1175 1032 1214 etune.

352 1250 513 1300 Praefectos
532 1249 651 1312 Pelopea
668 1249 749 1316 tacit,
767 1249 918 1312 Philomela
937 1249 1073 1301 tribunos.

370 1356 465 1432 „Erat
492 1365 556 1419 tum
582 1356 615 1418 in
644 1353 764 1418 deliciis
794 1354 885 1419 aulae
913 1357 1024 1418 histrio
1053 1355 1207 1438 multique
1237 1355 1342 1421 lauto-

283 1482 367 1537 „rum
384 1461 450 1521 eius
466 1456 608 1541 quotidie
628 1456 894 1540 provehebantur.
918 1458 1018 1518 Venit
1033 1477 1111 1540 ergo
1130 1455 1288 1520 Iuvenalis
1302 1461 1339 1520 in

281 1561 528 1644 „suspicionem
557 1561 646 1641 quasi
673 1567 816 1642 tempora
834 1556 971 1644 figurate
994 1566 1150 1636 notasset,
1172 1580 1209 1621 ac
1232 1561 1338 1624 statim

194 1717 200 1736 ,
282 1685 356 1747 „per
374 1663 528 1725 honorem
542 1659 682 1739 militiae,
704 1682 889 1745 quamquam
906 1663 1140 1748 octogenarius,
1162 1661 1241 1725 urbe
1256 1683 1340 1726 sum-

283 1775 405 1845 „motus
433 1768 609 1850 missusque
639 1763 680 1828 ad
709 1765 939 1850 praefecturam
967 1765 1108 1830 cohortis
1136 1768 1170 1830 in
1200 1775 1340 1829 extrema

284 1871 447 1958 „Aegypti
458 1877 557 1954 parte
580 1866 767 1932 tendentis.“
795 1866 889 1952 Quae
905 1871 1012 1933 omnia
1027 1871 1131 1954 primo
1147 1878 1233 1932 certe
1249 1889 1341 1954 aspe-

285 1983 337 2037 ctu
359 1975 553 2058 perantiquis
576 1975 634 2035 niti
656 1968 804 2035 videntur
825 1974 1027 2050 testimoniis,
1050 1995 1145 2058 quum
1169 1971 1255 2036 nulla
1278 1983 1342 2036 sta-

284 2078 347 2140 tim
362 2097 455 2140 causa
478 2076 666 2151 inveniatur,
688 2095 745 2137 eur
760 2084 822 2138 tani
838 2075 1010 2161 singularia
1025 2075 1151 2139 finxerit
1164 2079 1249 2139 vitae
1263 2078 1340 2138 scri-

283 2188 372 2265 ptor3
401 2178 458 2242 sed
482 2179 573 2242 huius
596 2197 738 2262 qnoque,
763 2179 795 2240 ni
819 2180 925 2241 omnia
947 2200 997 2243 me
1021 2177 1151 2256 fallunt,
1173 2181 1270 2242 mirae
1294 2178 1340 2244 la-

284 2283 380 2346 bulae
404 2285 559 2369 originem
582 2284 781 2366 perspexisse
803 2281 877 2344 mihi
899 2279 1021 2345 videor.
1066 2283 1220 2367 Namque,
1243 2305 1339 2367 quum

286 2395 318 2448 et
343 2406 410 2462 res,
438 2407 519 2468 quae
540 2393 708 2448 narrantur
730 2394 786 2449 sat.
802 2387 889 2468 XV„
920 2395 951 2448 et
973 2407 1054 2450 unus
1076 2381 1208 2450 maxime
1228 2407 1340 2452 versus

285 2487 328 2548 db
358 2493 532 2568 „quantum
560 2489 631 2568 ipse
658 2489 809 2563 notavi,“
836 2498 964 2572 poetam
991 2493 1095 2574 ipsum
1124 2493 1157 2554 in
1187 2491 1339 2577 Aegypto

284 2586 382 2650 fuisse
410 2584 764 2672 probareviderentur
778 2590 822 2668 ¹),
852 2590 929 2674 quid
956 2591 1145 2677 simplicius,
1174 2592 1250 2679 quid
1270 2596 1339 2658 veri

285 2687 415 2754 similius
437 2691 631 2754 comminisci
651 2693 759 2776 potuit
780 2693 981 2774 scholiastes,
1010 2717 1083 2760 nam
1110 2696 1182 2760 talis
1206 2706 1272 2761 erat
1292 2699 1338 2758 vi-

284 2801 336 2858 tae
350 2802 470 2871 auctor,
493 2817 586 2880 quam
602 2797 761 2862 satiricum
778 2807 914 2881 poetam,
937 2800 1055 2886 quippe
1077 2804 1132 2886 qui
1153 2823 1194 2866 ne
1217 2823 1235 2864 a
1257 2822 1325 2864 sum

284 2899 342 2960 mis
365 2896 491 2981 quidem
514 2919 660 2984 umquam
683 2920 718 2961 se
740 2899 927 2966 abstinuerit
947 2906 994 2964 rei
1015 2901 1163 2986 publicae
1183 2907 1267 2979 viris,
1291 2904 1339 2966 of-

285 2997 424 3066 fendisse
451 3004 623 3087 prinoipem
647 2999 802 3085 quendam
825 3011 857 3064 et
882 3000 923 3063 ab
947 3021 987 3063 eo
1010 3005 1091 3064 irato
1115 3005 1241 3064 missum
1262 3023 1336 3066 esse

284 3105 319 3166 in
336 3103 470 3170 exibam.
505 3105 569 3171 lam
592 3125 701 3169 versus
724 3101 896 3189 quaerendi
918 3112 1014 3181 erant,
1037 3106 1091 3190 qui
1105 3124 1236 3168 severae
1250 3103 1336 3170 illius

284 3226 409 3291 poenae
432 3229 557 3274 causam
583 3207 812 3293 praebuissent.
855 3208 1052 3274 Invenerunt
1074 3208 1128 3272 alii
1147 3207 1238 3274 alios.
1283 3208 1337 3273 Sic

285 3309 485 3388 scholiastes,
510 3315 620 3376 nescio
643 3313 729 3397 quis,
756 3311 797 3376 ad
819 3321 876 3377 sat.
892 3314 949 3378 IV.
972 3314 1026 3378 38.
1081 3369 1084 3376 ,

412 3413 512 3489 ¹Quum
529 3433 584 3483 iam
602 3433 786 3484 semianimum
804 3436 941 3486 laceraret
957 3435 1070 3486 Flavius
1088 3436 1178 3485 orbem

424 3513 540 3566 Ultimus
558 3521 587 3566 et
606 3517 691 3568 calvo
709 3518 829 3570 serviret
845 3522 933 3570 noma
949 3521 1066 3588 Neroni,
1088 3524 1141 3570 etc.

285 3611 461 3678 adnotavit:
489 3615 583 3692 „Hoc
605 3619 782 3682 convicium
805 3620 839 3684 in
862 3617 912 3682 Fl.
934 3620 1165 3697 Domitianum,
1189 3619 1254 3684 Tin·
1276 3619 1337 3686 lra-

285 3725 394 3796 „trem,
409 3719 599 3804 Vespasiani
621 3716 730 3796 filium,
752 3723 854 3799 iactat,
877 3724 930 3806 qni
953 3721 1061 3788 calvus
1084 3722 1151 3802 fuit,
1173 3733 1208 3787 ut
1223 3723 1337 3788 Sueto-

355 3978 389 4046 l)
416 3977 508 4050 Quare
525 3981 605 4036 etiam
623 3979 782 4038 scholiastes
801 3979 909 4054 quidam
927 3980 961 4039 ad
979 3990 1030 4035 sat.
1043 3977 1103 4036 XV.
1121 3982 1164 4033 27.
1183 3976 1334 4036 adnotavit:

285 4057 349 4125 „De
366 4079 397 4116 ae
415 4060 481 4118 dicit
498 4063 645 4130 luvenalis,
664 4067 725 4140 quia
743 4067 772 4120 in
789 4063 914 4138 Aegypto
931 4061 1043 4118 militem
1060 4063 1158 4133 tenuit,
1180 4073 1208 4120 et
1225 4085 1256 4120 ea
1273 4083 1337 4141 pro-

283 4145 365 4200 mittit
382 4163 413 4200 se
431 4144 588 4218 relaturum,
607 4169 675 4225 quae
692 4153 752 4226 ipse
769 4147 845 4208 vidit.
852 4149 869 4176 “
