2980 4700
250 329 323 417 ,74

275 537 346 582 rnen
369 520 483 582 satirae
505 516 728 602 iuvenalisquc
750 521 879 583 nomine
903 539 1033 603 prorsus
1055 521 1236 608 indignum
1261 544 1326 607 quo
1378 500 1381 508 Ι

275 621 358 685 iacto
389 643 500 686 omnes
529 624 622 685 etiam
651 621 853 687 diificrdtates
877 643 915 686 ex
941 633 1073 708 utraque
1095 646 1129 688 re
1152 625 1326 708 profectae,

274 743 355 810 quae
377 729 489 790 mirum
511 727 543 790 in
566 726 695 792 modurn
718 730 804 791 viros
828 726 941 790 doctos
965 737 1124 804 vexarunt,
1144 726 1206 791 levi
1225 749 1325 812 opera

273 840 410 914 possunt
431 834 597 896 removeri.
1009 893 1014 902 .

361 936 438 999 Non
467 957 535 998 sum
565 937 704 1010 nescius,
732 936 809 1018 ipsis
831 937 1026 1019 perantiquis
1048 937 1110 998 iam
1131 933 1324 1018 temporibus

274 1048 306 1101 et
332 1041 426 1101 satira
456 1037 540 1102 illius
564 1039 633 1099 XV.
662 1045 825 1101 auctorem
851 1036 990 1100 habitum
1018 1037 1201 1102 Iuvenalem
1229 1047 1260 1100 et
1280 1037 1327 1100 hi-

272 1138 435 1203 storiolam
465 1138 506 1202 de
536 1138 631 1203 exilio
661 1148 693 1203 et
717 1140 845 1204 militari
868 1143 936 1205 eius
960 1141 1114 1228 dignitate
1137 1141 1235 1206 fuisse
1256 1161 1328 1226 per-

271 1250 430 1328 vagatam,
459 1242 547 1328 quod
575 1245 675 1332 magis
698 1243 893 1330 Apollinaris
915 1244 1041 1336 Sidonii
1067 1245 1193 1332 quidam
1215 1265 1328 1309 versus

271 1347 386 1426 (carm.
404 1345 456 1409 lx.
480 1349 577 1430 272.)
599 1348 752 1434 probant,
781 1348 866 1413 haud
889 1347 984 1412 dubie
1008 1349 1049 1412 ad
1071 1347 1254 1413 Iuvenalem
1276 1368 1328 1412 re-

271 1450 409 1516 ferendi:

508 1581 565 1630 Nec
584 1579 628 1643 qui
646 1577 781 1630 consimili
797 1579 894 1630 deinde
912 1589 979 1629 essu

505 1667 547 1720 Ad
564 1665 641 1730 volgi
657 1669 766 1718 tenuem
783 1663 931 1728 strepentis
949 1677 1042 1716 atnam

505 1752 572 1806 irati
589 1752 642 1806 luit
659 1753 797 1806 histrionis
815 1754 887 1804 exiri.

271 1881 363 1945 quam
382 1857 520 1939 Servius,
534 1861 596 1944 ·qui
619 1858 659 1923 ad
681 1860 761 1923 Aen.
777 1859 817 1922 11.
832 1860 907 1922 olo.
931 1856 991 1922 sub
1013 1856 1171 1921 iuvenalis
1193 1859 1327 1922 nomine

270 1962 379 2026 laudat
404 1963 486 2025 hanc
512 1965 652 2039 satiram,
681 1985 777 2046 quum
800 1961 896 2026 foede
919 1983 991 2026 eum
1013 1960 1130 2045 ubique
1152 1959 1333 2045 interpola'

269 2074 334 2128 tum
357 2085 427 2127 esse
451 2075 585 2129 constet.
628 2064 744 2130 Nihilo
763 2069 865 2130 secius
886 2064 1119 2149 persistendum
1142 2067 1174 2128 in
1198 2072 1327 2128 senten-

270 2172 312 2234 tia
333 2179 451 2247 nostra,
473 2190 567 2253 quam
589 2169 698 2233 ultima
721 2169 780 2232 hac
802 2166 1025 2254 disputationis
1046 2177 1145 2252 parte,
1167 2171 1200 2231 in
1216 2169 1327 2254 'singu-

269 2272 374 2337 lorum
397 2293 546 2338 versuum
576 2273 845 2360 contemplatione
871 2282 1033 2350 versante,
1062 2275 1095 2336 in
1122 2281 1192 2336 tuto
1224 2269 1327 2334 collo-

270 2379 334 2438 cari
355 2396 453 2463 posse
475 2377 617 2441 confido.

357 2478 567 2540 Inveniuntur
593 2481 725 2561 primum
748 2481 781 2540 in
804 2478 867 2540 hoe
889 2482 1028 2542 carmine
1050 2478 1133 2542 duae
1156 2478 1327 2566 digressio-

269 2599 341 2655 nes,
369 2588 528 2662 quaeant
551 2583 660 2664 epicae
684 2589 738 2642 aut
760 2577 922 2664 elegiacae
944 2590 1064 2644 tantum
1088 2585 1180 2666 poesi
1203 2603 1326 2646 accom-

268 2681 425 2759 modatae,
453 2691 485 2745 et
506 2683 540 2745 in
562 2683 610 2746 his
633 2681 673 2746 ab
697 2680 917 2746 Alexandrinis
939 2687 1072 2748 maxime
1094 2688 1198 2771 poetis
1222 2686 1327 2750 excul-

232 2851 238 2874 ι
269 2797 330 2867 tae,
351 2791 386 2852 in
407 2787 501 2850 satira
522 2785 643 2852 nulium
664 2807 795 2872 prorsus
812 2785 918 2852 locum
936 2788 1054 2853 habere
1068 2799 1212 2875 possunt,
1234 2811 1325 2876 quae,

269 2913 364 2977 quum
388 2911 514 2955 omnem
538 2894 690 2955 orationis
713 2912 828 2954 nexum
849 2894 964 2956 misere
989 2902 1021 2956 et
1047 2892 1200 2978 languide
1227 2897 1327 2956 inter-

269 3003 429 3082 rumpent,
451 2995 551 3082 longe
570 2992 744 3057 abhorrent
765 3014 783 3055 a
804 2993 963 3056 luvenalis
986 3003 1106 3069 mente,
1129 3013 1211 3075 quae
1233 2991 1325 3054 deni·

268 3121 332 3187 que
360 3103 486 3165 insertis
514 3097 701 3183 quibusdam
729 3099 823 3184 nugis
850 3095 939 3160 nulla
960 3097 1084 3158 ratione
1108 3115 1178 3158 cum
1199 3092 1324 3178 reliqua

269 3205 400 3270 horride
422 3203 596 3284 dirissimae
618 3200 813 3266 crudelitatis
835 3203 1016 3266 narratione
1040 3207 1167 3264 coelunt.
1203 3199 1326 3264 Harum

269 3311 369 3393 prima
392 3318 453 3371 est:

772 3467 896 3519 Attonito
915 3478 993 3528 quum

376 3553 443 3604 'lule
461 3565 543 3616 super
562 3567 675 3606 coenan
693 3555 800 3605 lacinus
819 3552 944 3602 narraret
962 3547 1054 3599 Ulixes

289 3636 342 3703 15)
375 3640 501 3707 Alcinoo,
520 3639 599 3690 bilem
619 3644 667 3691 aut
683 3641 768 3694 risum
786 3641 905 3689 fortasse
924 3637 1080 3700 quibusdan

375 3731 510 3794 Moverat,
528 3731 559 3778 ut
577 3729 692 3783 mendax
709 3725 876 3786 aretalogus.
913 3723 945 3772 ln
962 3736 1038 3774 mure
1055 3735 1134 3774 nemo

375 3815 454 3862 llunc
472 3813 563 3880 abicit,
582 3826 667 3864 saeve
684 3810 793 3874 dignum
811 3820 930 3872 vereque
949 3807 1094 3873 Charybdi,

376 3898 537 3962 Fingentem
555 3899 685 3948 immanes
703 3897 912 3956 Laestrygonas
931 3898 1011 3958 atque
1030 3884 1186 3956 cyclopas?

377 3983 444 4034 Nam
462 3981 542 4034 citius
561 3985 682 4045 Scyllam
699 3981 745 4032 vel
762 3980 955 4040 concurrentia
971 3991 1039 4032 sexa

288 4063 342 4134 20)
379 4067 510 4133 cyaneis,
529 4069 626 4130 plenos
644 4073 673 4118 et
691 4067 897 4128 tempestatibus
915 4070 992 4118 utres

381 4149 556 4218 crediderim,
576 4158 624 4204 sut
642 4153 716 4203 tenui
734 4163 893 4215 percussum
911 4152 1024 4204 rubere
1043 4147 1137 4202 circes
