2980 4700
511 1437 878 1524 Pnlnlrllt.

165 1973 266 2097 Inter
280 2031 394 2108 omnia,
416 2049 497 2115 quae
516 2027 602 2116 apud
616 2030 782 2096 Romanos
802 2028 982 2094 floruerunt
1002 2032 1146 2116 poetices
1169 2051 1224 2121 go

165 2155 250 2213 nera,
271 2153 366 2199 unam
388 2134 513 2198 satiram
537 2142 569 2197 et
590 2136 751 2198 inventam
774 2153 844 2198 esse
867 2155 887 2196 a
907 2134 1070 2212 Romanis,
1093 2143 1126 2200 et
1146 2134 1223 2202 inde

167 2261 185 2302 a
200 2240 308 2324 primis
325 2237 429 2299 statim
446 2237 542 2299 initiis
562 2257 663 2321 usque
678 2235 720 2300 ad
734 2238 914 2323 posteriora
927 2245 1074 2324 tempora
1088 2259 1107 2302 a
1123 2235 1223 2306 Graa-

166 2360 279 2406 earum-
300 2338 461 2403 literarum
490 2338 702 2406 aemulatione
729 2361 808 2427 prae
837 2341 951 2404 ceteris
979 2339 1110 2406 liberam
1136 2361 1223 2408 man-

166 2446 253 2522 sisse,
275 2445 327 2507 vix
348 2444 409 2506 iarn
431 2441 500 2508 ullo
522 2442 646 2533 indiget
667 2452 865 2533 argumento.
901 2444 943 2509 Et
959 2455 1037 2511 nota
1055 2454 1132 2512 sunt
1148 2465 1223 2532 pro·
1322 2456 1324 2460 ’

165 2547 251 2613 fecto
273 2545 412 2624 Horatii,
440 2549 474 2611 in
500 2547 563 2612 hoo
587 2550 660 2635 ipso
682 2550 880 2635 potissimum
905 2567 1005 2633 opere
1029 2546 1222 2628 excellentis,

164 2651 262 2716 verba
279 2650 327 2731 ¹):
354 2649 510 2715 Lucilium
533 2650 666 2716 Graecis
692 2653 802 2716 intacti
825 2652 971 2714 carminis
993 2651 1092 2714 luisse
1114 2660 1223 2714 auoto-

164 2773 245 2828 rem;
272 2761 383 2817 notum
406 2752 600 2816 subtilissimi
622 2755 815 2836 antiquitatis
836 2749 951 2814 iudicis
973 2748 1165 2834 Quintiliani
1185 2750 1222 2815 il-

163 2854 219 2920 lud
236 2855 286 2938 ²):
313 2856 432 2933 „satira
455 2851 581 2940 quidem
605 2863 672 2920 tota
695 2863 804 2919 nostra
827 2857 907 2918 est.“
951 2853 1025 2933 lam,
1048 2855 1083 2932 si,
1107 2852 1220 2920 eodem

163 2968 245 3024 teste
267 2955 484 3043 Quintiliano,
513 2960 580 3023 eius
603 2960 697 3024 etiam
719 2957 917 3044 temporibus
939 2956 1080 3022 Lucilius
1101 2956 1220 3022 multos

163 3064 206 3125 ita
235 3059 362 3127 deditos
391 3062 454 3127 sibi
481 3061 590 3127 habuit
617 3071 790 3138 amatores,
817 3070 853 3124 ut
883 3081 955 3124 eum
983 3080 1050 3125 non
1078 3061 1219 3126 eiurelom

165 3163 264 3227 modo
289 3168 396 3246 operis
420 3163 609 3240 auctoribus,
635 3161 808 3226 sedetiam
832 3161 980 3227 omnibus
1002 3165 1108 3244 poetis
1129 3183 1220 3247 prae

162 3264 246 3328 ferre
268 3285 336 3328 uon
359 3264 549 3340 dubitarent,
570 3262 604 3328 id
627 3263 686 3326 hac
707 3265 838 3349 propria
860 3263 1069 3349 Romanaque
1090 3264 1219 3330 illorum

164 3371 334 3434 carminum
357 3366 467 3432 indole
490 3367 605 3432 lactum
629 3387 708 3447 esse,
731 3387 916 3455 persuasum
939 3365 1053 3432 habeo
1093 3367 1219 3434 Etenim

163 3475 282 3550 omnia,
312 3494 393 3558 quae
417 3481 596 3558 comparata
619 3480 693 3536 sunt
715 3494 786 3536 oum
808 3473 902 3536 satira
926 3459 1123 3538 Graecorum
1144 3475 1220 3536 seri-

163 3582 234 3657 pta‚
259 3584 429 3662 tantopere
451 3573 492 3637 ab
515 3573 578 3638 hoo
598 3595 718 3662 genere
742 3574 940 3663 discrepant,
966 3585 1003 3639 ut
1028 3574 1092 3639 levi
1118 3595 1218 3661 opera

164 3683 197 3740 et
225 3678 350 3762 possint
377 3677 534 3741 removeri
557 3686 589 3741 et
608 3687 732 3744 remota
753 3682 817 3744 siut
838 3677 1000 3765 pleraque.
1045 3677 1108 3758 lta,
1136 3699 1218 3764 qnae

162 3778 332 3866 perplura
357 3777 508 3863 deinceps
530 3779 637 3845 secula
659 3783 777 3848 artiore
799 3780 937 3868 quodam
951 3778 1081 3846 vinculo
1104 3781 1218 3846 eoliae·

234 4012 267 4079 l)
291 4011 376 4069 Sem.
395 4013 416 4068 l.
437 4017 478 4069 10.

232 4096 268 4166 2)
290 4095 355 4155 lust.
374 4118 414 4155 or.
431 4099 465 4155 X.
484 4097 505 4154 l.
524 4100 547 4169 §.
566 4101 609 4158 93.
