2980 4700
546 656 765 734 SATIRA
795 652 861 728 ΙΙΙ.

261 837 439 904 Acedamus
461 856 548 900 nunc
570 833 610 898 ad
632 834 712 900 alius
734 833 881 898 carminis
901 851 1020 909 versus,
1042 833 1230 915 inquorum

173 945 377 1008 enarratione
398 941 498 1026 magis
521 941 614 1004 etiam
637 959 655 1002 a
677 947 766 1002 recto
788 956 900 1000 omnes
922 955 1023 1020 aeque
1045 933 1232 1000 aberrarunt

172 1048 235 1111 riri
259 1045 355 1110 docti.
398 1042 557 1108 luvenalis
579 1045 613 1106 in
635 1044 727 1106 tertia
751 1043 846 1106 satira
868 1042 965 1104 vitam
986 1039 1110 1102 Romae
1133 1036 1231 1102 mole

173 1157 252 1212 stam
275 1145 549 1232 periculosamque
569 1143 748 1230 depingens
771 1142 918 1230 querelas
939 1162 1011 1206 suas
1029 1141 1088 1206 sub
1103 1139 1231 1206 Umbri-

174 1253 229 1327 cii,
254 1252 346 1313 amici
369 1247 530 1312 cuiusdam
553 1266 705 1331 persona,
728 1247 866 1330 profert,
885 1267 980 1332 quem
1001 1244 1096 1332 fingit
1110 1243 1229 1310 Cumas

176 1354 381 1440 emigrantem
406 1359 438 1414 et
460 1353 506 1415 sic
526 1348 713 1434 loquentem
735 1349 813 1414 fecit
834 1372 863 1412 v.
879 1351 933 1414 29.

375 1502 509 1554 Cedamus
527 1501 630 1568 patria,
648 1501 742 1554 vivant
760 1501 886 1553 Artorius
904 1499 967 1552 istic

189 1586 244 1655 3⁰)
280 1593 317 1641 nt
335 1588 463 1652 Catulum
487 1590 629 1654 maneant,
648 1587 694 1652 qui
711 1589 819 1653 nigrum
836 1587 866 1638 ln
885 1586 1001 1639 candida
1018 1587 1137 1674 vertunt,

279 1675 347 1738 onis
364 1675 447 1727 facile
466 1678 522 1740 est,
541 1675 637 1725 sedern
655 1676 823 1740 conducere,
841 1673 965 1741 tlumlnn,
983 1677 1089 1740 portus,

280 1762 441 1814 siccandam
459 1762 589 1827 eluviem,
608 1762 768 1822 portandum
786 1763 821 1812 nd
838 1761 919 1812 busta
937 1761 1058 1812 cadaver

280 1850 316 1914 Et
334 1849 465 1910 praebere
483 1849 565 1908 caput
583 1844 691 1895 domina
707 1847 806 1896 venale
824 1847 874 1895 sub
891 1847 978 1896 hasta.

263 1973 368 2059 Quem
383 1972 526 2040 ultimum
542 1993 666 2036 versum
681 1993 836 2059 nusquam
850 1981 936 2037 recte
948 1970 1013 2036 vidi
1027 1971 1232 2052 intellectum,

173 2081 315 2166 quamvis
335 2079 401 2142 eius
425 2078 581 2142 sententia
605 2097 643 2140 ex
664 2079 763 2142 totius
785 2075 850 2141 loci
872 2098 955 2142 nexu
977 2075 1070 2142 facile
1091 2081 1232 2164 perspici
1338 2067 1352 2140 ¹.

174 2204 271 2269 posse
299 2183 374 2244 mihi
396 2179 550 2244 videatur.
595 2179 685 2253 Dicit
705 2179 903 2244 Umbricius:
932 2180 1092 2244 Cedamus
1120 2183 1232 2264 patria,

175 2286 248 2368 quia
270 2283 414 2344 honestis
438 2281 555 2344 artibus
579 2279 685 2344 nullus
708 2283 741 2344 in
764 2280 855 2344 Urbe
877 2279 983 2357 locus;
1009 2293 1158 2346 maneant
1179 2281 1232 2361 ibi,

176 2387 229 2469 qui
252 2381 342 2446 malis
366 2381 485 2448 artibus
507 2381 628 2448 lucrum
652 2393 684 2448 et
707 2382 951 2450 emolumenturn
974 2395 1100 2472 petunt,
1130 2397 1166 2450 ut
1187 2384 1232 2450 fa-

177 2490 264 2551 ciunt
284 2487 430 2553 Artorius
459 2497 491 2553 et
514 2485 647 2554 Catulus
665 2489 707 2568 ¹).
751 2486 816 2554 Sed
839 2487 880 2554 de
901 2489 1022 2577 reliqua
1049 2493 1231 2576 priusquam

176 2589 276 2654 dicam
294 2595 459 2670 sententia,
482 2590 681 2679 singulorum
695 2591 869 2658 verborum
891 2595 1159 2682 significationem
1182 2617 1233 2659 ac-

176 2699 313 2761 curatius
336 2695 433 2782 paulo
457 2699 673 2781 perquiramus
696 2706 834 2781 oportet.

264 2796 410 2874 „Aedem
434 2797 638 2863 conducere“
660 2806 710 2858 est
730 2795 883 2881 templum
897 2798 950 2861 vel
973 2796 1102 2863 domum
1124 2797 1233 2864 aedili-

176 2899 309 2965 candam
331 2909 385 2964 aut
405 2899 611 2965 reficiendam
633 2897 823 2966 conducere.
869 2900 1029 2967 Omnibus
1051 2907 1135 2968 enim
1157 2906 1232 2968 satis

175 3014 287 3070 notum
312 3014 366 3082 est,
390 3003 536 3070 aedificia
560 3014 592 3069 ct
614 3004 741 3090 publica
766 3013 798 3068 et
819 3008 942 3090 privata
965 3007 1162 3084 exstruenda,
1183 3030 1233 3071 re-

176 3105 341 3184 novanda,
374 3107 540 3194 purganda
569 3109 692 3168 Romae
720 3105 825 3168 locata
855 3127 925 3169 esse
953 3109 1148 3186 hominibus,
1180 3112 1232 3192 qui

178 3219 341 3293 quaestum
365 3229 404 3272 eo
427 3207 589 3291 petebant
632 3205 742 3268 Malim
765 3225 843 3267 vero
867 3204 907 3268 de
929 3207 1049 3290 templo
1072 3208 1232 3273 hocloco

178 3308 289 3375 aedem
311 3308 515 3397 intellegere,
538 3329 634 3393 quum
657 3318 689 3371 et
711 3306 752 3371 de
774 3305 919 3392 pluribus
942 3307 1064 3375 dicatur
1085 3313 1233 3399 negotiis,
1320 3303 1330 3320 ³

176 3436 257 3502 quae
280 3413 409 3501 publice
431 3410 685 3498 redemptoribus
708 3409 929 3493 tradebantur,
952 3423 984 3478 et
1005 3413 1053 3478 illi
1076 3415 1233 3504 significa·

175 3521 257 3584 tioni
284 3522 390 3605 aptior
417 3522 459 3584 sit
487 3517 655 3606 singularis
684 3517 794 3582 forma.
841 3518 965 3585 Etenim
995 3520 1167 3598 luvenalis,
1198 3531 1234 3587 ut

177 3705 354 3712 .--—-··------.
363 3707 375 3711 ..

249 3815 282 3884 1)
306 3815 384 3891 Quos
397 3835 447 3872 nee
460 3834 508 3892 ego
521 3812 627 3892 quidem
639 3818 748 3876 aliunde
761 3823 831 3888 novi,
850 3840 900 3875 nec
912 3830 989 3876 retus
1004 3822 1137 3897 interpres
1151 3839 1232 3880 nove·

177 3905 221 3969 rit,
245 3903 290 3977 qui
303 3901 510 3978 explicationem
529 3922 604 3959 suam
621 3903 692 3960 haud
710 3903 792 3960 dubie
810 3925 843 3959 ex
861 3902 913 3959 hoc
932 3907 992 3982 ipso
1004 3905 1138 3962 luvenalis
1151 3927 1232 3965 versu

178 3985 281 4055 hausit,
301 3987 351 4044 sed
369 3997 443 4043 reete
462 3986 517 4044 fere
536 3991 689 4064 suspicatus
709 3999 767 4058 est,
789 3988 895 4057 „fuisse
913 3989 1035 4047 homines
1053 3990 1187 4067 ignobile·¹
1204 4004 1232 4050 et

178 4070 325 4214 „pordidos
343 4072 420 4129 malis
439 4073 540 4159 artibus
559 4077 690 4143 virentes,
709 4077 755 4150 qui
774 4095 806 4131 ex
824 4074 942 4132 sordidis
961 4078 1041 4135 rebus
1061 4077 1158 4136 divites
1176 4082 1232 4137 sint

178 4199 196 4226 „
208 4158 268 4215 acti.
280 4159 288 4186 ‘
