2980 4700
300 317 348 391 66
1284 345 1296 378 ι

387 504 504 589 Incipit
527 521 605 590 ergo
629 505 709 567 vita
734 507 763 567 l.
807 506 939 581 „lunius
960 504 1122 570 luvenalis
1145 506 1363 578 liber-unilo-

300 607 457 692 „cupletis
478 610 633 670 incertum
655 605 740 672 filius
763 627 803 672 an
826 609 979 688 alumnus,
1002 608 1196 675 admediana
1219 613 1286 679 fere
1303 637 1362 681 ae-

300 721 417 790 „tatem
441 709 629 778 declamavit
650 712 745 778 animi
767 715 866 799 magis
888 733 990 792 eausa,
1013 735 1106 800 qnam
1121 715 1206 800 quod
1222 719 1361 784 scholae

300 824 379 893 „aut
399 814 474 878 foro
496 835 531 878 se
553 822 783 901 praepararet.“
816 817 1012 883 Sententiam
1030 816 1124 896 illam,
1145 819 1202 898 „ad
1216 820 1358 885 mediam

301 919 391 998 „lere
413 929 548 982 aetatem
565 917 779 996 declamavit,“
800 931 932 1005 apparet
946 931 1099 1007 sumptam
1117 943 1186 987 esse
1203 943 1239 986 ex
1253 935 1310 987 sat.
1325 923 1353 988 1.

300 1047 329 1087 v.
347 1025 389 1086 15
411 1023 476 1100 „Et
496 1041 558 1085 nos
580 1020 759 1086 Consilium
783 1020 926 1088 dedimus
948 1024 1066 1101 Sullae,
1088 1029 1230 1110 privatus
1253 1038 1288 1092 ut
1310 1028 1358 1094 al·

301 1135 387 1205 „tum
402 1125 594 1188 Dormiret.“
628 1125 708 1190 lnde
723 1129 823 1203 etiam,
846 1127 933 1212 quod
955 1137 1051 1214 poeta
1073 1138 1229 1214 tamquam
1253 1130 1294 1194 de
1316 1153 1358 1195 re

299 1229 441 1314 loquitur
469 1231 503 1292 in
530 1225 745 1294 adulescentia
771 1241 918 1310 tractata,
945 1231 1002 1296 sed
1026 1242 1139 1317 postea
1162 1235 1293 1311 omissa,
1320 1244 1359 1299 et

299 1336 373 1420 qula
396 1335 527 1398 omnino
548 1331 692 1409 videbat,
717 1353 787 1395 eum
809 1333 850 1395 ad
872 1337 1019 1418 poeticen
1041 1355 1077 1398 se
1098 1334 1286 1415 oontulisse,
1309 1340 1358 1400 vi·
1454 1345 1457 1363 ⁴

299 1447 352 1501 tae
373 1439 510 1520 scriptor
531 1433 777 1496 additamentum
802 1432 881 1496 illud
904 1433 1030 1496 videtur
1052 1447 1249 1500 commentus
1272 1458 1357 1518 esse,

300 1541 415 1617 „animi
437 1538 536 1622 magis
560 1553 661 1610 causa,
684 1553 775 1618 quam
792 1532 879 1618 quod
896 1532 1008 1597 cholae
1031 1555 1066 1600 se
1089 1546 1144 1600 aut
1166 1538 1238 1601 loro
1262 1561 1355 1626 prae-

298 1643 479 1726 ‚,pararet‚“
500 1633 586 1723 quod
608 1635 749 1720 reliquae
772 1638 855 1700 vitae
879 1640 1037 1701 omittunt.
1083 1638 1280 1722 Quibuscum
1303 1663 1352 1702 ar-

297 1747 416 1810 tissime
444 1741 595 1806 cohaeret
622 1741 688 1804 vit.
712 1741 743 1804 3.
772 1739 817 1803 Μ.
844 1741 935 1821 (Di)
965 1739 1096 1818 „lunius
1124 1741 1284 1822 luvenalis
1312 1765 1353 1807 ex

300 1850 494 1934 „municipio
517 1845 659 1930 Aquino,
685 1842 822 1920 ordinis,
847 1852 883 1907 ut
904 1841 1005 1906 fertur
1026 1841 1264 1926 libertinorum,
1285 1847 1352 1910 Ro-

299 1973 391 2030 „mae
405 1951 505 2014 literis
522 1969 651 2034 operam
667 1947 768 2022 dedit;
792 1945 980 2010 declamavit
999 1963 1067 2010 non
1088 1944 1241 2010 mediocri
1261 1949 1353 2028 lama,

297 2061 358 2133 „ut
384 2055 454 2135 ipse
480 2052 602 2116 scribit:
632 2051 678 2112 Et
705 2069 778 2112 n-os
808 2047 1023 2115 eonsilium
1053 2047 1232 2112 dedimus
1261 2051 1352 2114 Sul·
1470 2073 1471 2106 i

298 2155 416 2237 ‚,lee.“
468 2148 586 2218 Addita
613 2162 686 2217 suut
714 2161 841 2238 praeter
868 2152 1119 2214 commenticium
1150 2149 1231 2214 illud
1260 2173 1352 2228 „non
1443 2141 1471 2198 s

298 2255 474 2340 „mediocri
490 2257 589 2320 lama“
602 2253 643 2320 de
658 2254 817 2320 luvenalis
832 2256 935 2340 patria
950 2252 1113 2338 quaedam,
1136 2272 1217 2338 quae
1238 2264 1352 2340 potue·
1439 2333 1442 2343 Ι

298 2372 373 2428 runt
390 2371 551 2444 comperta
574 2361 695 2424 habere
714 2359 835 2424 librarii
858 2367 923 2422 tum
941 2377 959 2421 e
975 2357 1129 2425 librorum
1150 2377 1222 2422 mss.
1243 2357 1352 2436 titulis,

298 2475 364 2527 tum
387 2481 424 2523 ex
447 2464 515 2543 ipsa
537 2471 594 2523 sat.
610 2463 666 2526 111.
687 2483 717 2524 v.
733 2463 808 2525 310.
831 2463 979 2544 „quoties
1001 2471 1034 2526 te
1055 2463 1160 2526 Roma
1182 2471 1238 2525 tuo
1260 2461 1352 2525 refici

298 2571 543 2650 „properantem
567 2562 681 2630 reddet
701 2564 839 2649 Aquino,
861 2568 940 2628 etc.“
961 2565 1083 2630 Tamen
1105 2564 1204 2628 schol.
1228 2562 1268 2626 ad
1289 2573 1348 2625 sat

298 2667 322 2731 l.
348 2669 376 2730 l.
399 2675 514 2744 narrat,
535 2663 741 2745 „Iuvenalem
764 2667 861 2753 aliqui
883 2666 1012 2733 Gallum
1034 2676 1166 2755 propter
1186 2669 1349 2752 ingentem
1469 2741 1470 2744 Ἴ

298 2772 465 2856 temporis
486 2770 749 2859 magnitudinem,
778 2770 875 2856 aliqui
897 2769 1086 2856 Aquinatem
1108 2771 1248 2849 dicuut,“
1275 2767 1351 2832 ridi-
1469 2773 1470 2780 ’

298 2873 372 2939 onlo
396 2892 519 2951 errore,
547 2895 643 2957 quum
672 2874 743 2937 luce
773 2874 888 2936 clarius
914 2883 1035 2955 pateat,
1064 2875 1152 2958 quod
1175 2871 1352 2936 Franckius

298 2986 384 3042 recte
412 2977 549 3051 monuit,
579 2975 765 3058 Aquinatem
795 2981 827 3034 et
849 2974 1039 3054 Aquitanum
1069 2993 1139 3035 esse
1167 2973 1348 3056 permixtos.

298 3081 438 3168 Egregie
459 3081 520 3141 iam
542 3080 607 3141 vit.
629 3077 660 3141 3.
681 3076 763 3140 ‘haee
784 3073 894 3138 refert:
923 3073 1106 3152 „luvenalis
1128 3075 1189 3141 iste
1211 3075 1349 3158 Aquina-

299 3186 360 3262 „tis
382 3183 455 3259 fult,
477 3180 510 3245 id
535 3191 584 3246 est
607 3201 644 3245 ex
667 3180 804 3266 Aquinio
828 3176 967 3265 oppido,
987 3176 1185 3264 temporibus
1206 3177 1350 3242 Neronis
1468 3207 1469 3264 j

299 3283 450 3363 „Claudii
471 3288 680 3370 imperatoris
694 3287 806 3368 (quem
831 3303 868 3347 ex
882 3285 936 3346 vit.
955 3283 985 3346 l.
1009 3280 1211 3367 desumpsit).
1245 3280 1351 3343 Prima
1468 3279 1469 3286 ’

298 3393 424 3463 „aetate
439 3384 532 3462 siluit,
554 3385 595 3450 ad
616 3384 750 3447 mediam
773 3385 872 3449 ferma
895 3394 1030 3449 aetatem
1045 3384 1238 3456 declamavit,
1261 3379 1349 3443 unde

299 3496 353 3566 „et
374 3487 463 3570 quasi
486 3486 541 3549 diu
562 3490 697 3561 taonit;“
725 3509 807 3572 quae
829 3491 906 3550 mira
929 3485 970 3549 de
996 3495 1113 3569 poetae
1135 3484 1349 3546 taciturnitate

296 3587 531 3654 narratiuncula
558 3587 643 3652 haud
669 3589 766 3655 dubie
793 3613 830 3654 ex
855 3590 958 3674 primo
980 3583 1139 3648 luvenalis
1160 3603 1255 3648 versu
1277 3595 1348 3649 orta

298 3701 355 3756 est.
399 3692 548 3778 „Semper
569 3710 632 3780 ego
654 3691 780 3759 auditor
802 3692 940 3754 tantum?
962 3707 1170 3774 numquamne
1192 3705 1344 3774 reponam
1436 3765 1439 3776 Ι

296 3797 419 3876 „etc.?“
470 3791 592 3861 Eodem
621 3795 719 3862 modo
748 3797 813 3874 vij.
843 3795 889 3856 5.:
915 3809 1057 3870 „nomen
1085 3790 1243 3855 luvenalis
1272 3807 1345 3874 pro-

298 3902 420 3982 ,prium
446 3897 506 3975 illi;
536 3896 594 3963 fuit
617 3901 699 3964 enim
723 3895 763 3962 de
789 3898 914 3984 Aquino
939 3894 1070 3984 oppido.
1116 3893 1218 3960 Prima
1242 3901 1345 3958 aetate

206 4059 209 4076 ,
298 4004 423 4078 „tacuit
445 4001 546 4068 media
569 3999 786 4076 declamavit;“
810 4012 841 4067 et
856 4004 938 4067 vita
955 4003 999 4066 A:
1022 4021 1140 4086 „quum
1165 4020 1202 4062 ex
1217 3997 1344 4078 Aquino

298 4104 488 4188 „municipio
511 4108 645 4170 Romam
667 4123 703 4168 se
725 4104 913 4172 contulisset
936 4109 1130 4171 et·venisset
1150 4121 1206 4164 sua
1228 4100 1345 4158 virtute
1374 4167 1377 4174 ¹
