2980 4700
262 283 286 352 6

262 487 333 532 rere
355 464 558 553 putabantur,
583 465 709 528 satiram
731 465 962 548 satyricamque
985 460 1182 528 Graecorum
1204 467 1321 551 poesin

262 569 342 635 nihil
361 569 482 636 habere
504 565 684 646 adfinitatis,
706 565 763 630 sed
785 576 919 653 propter
940 566 1102 632 fortuitam
1125 577 1246 632 tantum
1261 590 1321 634 no-

263 675 354 738 minis
383 668 618 736 similitudinem
641 675 837 756 comparatas
861 691 931 766 esse
954 681 1047 756 atque
1071 672 1235 752 confusas,
1263 672 1322 738 du-

265 774 339 840 dum
359 778 420 839 iam
436 773 647 839 Casaubonus
671 773 782 839 docuit
805 776 935 862 egregio
958 773 1109 855 libello„
1117 775 1159 840 de
1181 780 1319 861 satyrica

262 879 484 957 „Graecorum
511 879 604 962 poesi
634 885 665 940 et
692 879 910 941 Romanorum
939 882 1059 941 satira“
1086 880 1176 960 (Par.
1202 881 1317 961 1605).
1372 893 1373 896 ’

263 979 373 1046 Nihilo
403 983 506 1066 secius
537 982 628 1044 etiam
654 990 729 1066 post
756 1001 827 1044 eum
853 980 957 1070 fuere,
987 984 1040 1065 qui
1063 984 1319 1062 inveteratorum,

263 1092 299 1147 ut
320 1083 391 1148 fieri
413 1081 510 1162 solet,
539 1092 667 1149 tenaces
691 1105 848 1162 errorum,
877 1081 962 1147 illam
987 1087 1173 1171 opinionem
1196 1097 1320 1172 repete-

263 1196 335 1250 rent
357 1185 553 1273 eandemque
577 1198 727 1253 canerent
751 1185 948 1251 cantilenam.
981 1187 1188 1274 Quapropter
1206 1189 1319 1254 melius

264 1291 335 1369 iam,
357 1299 459 1355 sumta
482 1301 568 1355 certe
591 1313 628 1356 ex
650 1296 720 1377 ipsa
742 1312 778 1354 re
801 1289 935 1374 quadam
958 1290 1168 1372 similitudine,
1195 1315 1321 1380 compa-

263 1403 387 1458 rassent
402 1393 585 1458 Archilochi
602 1402 634 1456 et
648 1396 858 1479 Hipponactis
875 1398 1020 1474 carmina,
1043 1416 1123 1480 quae
1145 1405 1257 1476 tamen,
1278 1396 1319 1460 ad

264 1507 422 1561 certorum
436 1497 599 1564 hominum
621 1497 779 1560 infamiam
802 1499 1071 1584 ignominiamque
1093 1501 1203 1586 magis,
1226 1522 1319 1585 quam

264 1597 304 1662 ad
331 1603 401 1686 ipsa
423 1603 500 1664 vitia
527 1620 586 1686 per
612 1621 647 1664 se
671 1598 828 1686 carpenda
853 1599 952 1680 edita,
981 1624 1049 1666 non
1071 1611 1145 1666 sunt
1166 1601 1255 1680 talia,
1284 1613 1320 1667 ut

262 1722 404 1766 normam
417 1706 506 1788 quasi
517 1703 722 1790 praebuerint
733 1706 864 1768 satiricis
874 1706 1091 1770 Romanorum
1102 1709 1215 1792 poetis,
1228 1727 1320 1791 quam

262 1816 472 1892 sequerentur
493 1809 534 1886 ¹).
579 1808 657 1872 Non
683 1829 812 1896 negem,
843 1817 954 1872 contra
979 1831 1081 1896 genus
1103 1813 1203 1898 magis
1227 1832 1319 1896 quam

264 1919 375 1972 contra
397 1910 541 1976 homines
564 1933 725 1999 pugnasse
746 1913 915 1975 Timonem
937 1912 1107 1977 Phliasium
1128 1916 1234 1999 parvis
1256 1912 1320 1976 illis
1410 1977 1416 1985 ,

262 2011 444 2096 iocosisque
466 2012 630 2078 didacticis
653 2014 851 2093 carminibus,
877 2036 958 2099 quae
981 2017 1087 2078 σίλλοι
1109 2016 1315 2094 vocabantur,

263 2112 321 2178 sed
343 2113 471 2180 illorum
493 2138 630 2204 quoque,
654 2129 805 2204 quantum
822 2140 858 2182 ex
880 2121 999 2203 paucis,
1021 2139 1102 2202 quae
1117 2116 1158 2182 ad
1172 2139 1232 2182 nos
1248 2139 1320 2204 per-

262 2229 428 2298 venerunt,
450 2219 634 2308 llagmentis
656 2221 789 2288 iudicari
809 2222 893 2300 licet,
915 2243 1013 2308 parva
1035 2230 1155 2286 tantum
1179 2231 1226 2286 est
1249 2245 1331 2296 cum,

167 2402 169 2405 ι
262 2324 359 2386 satira
381 2323 570 2401 similitudo,
599 2348 693 2408 quum
719 2328 828 2402 Timo,
857 2325 1032 2408 Pyrrhonis
1056 2323 1182 2390 deditus
1205 2323 1321 2390 doctri-

262 2442 333 2499 nae,
355 2423 619 2506 philosophorum
642 2425 740 2488 modo
765 2425 846 2496 alios
869 2425 966 2490 duces
982 2431 1181 2511 sequentium
1195 2431 1321 2514 opinio-

262 2544 321 2588 nes
343 2526 377 2588 in
399 2522 572 2590 ludibrium
593 2535 718 2592 vertere
741 2534 874 2589 conatus
898 2538 1074 2596 ceterorum
1099 2531 1260 2602 hominum
1274 2535 1321 2596 vi-

261 2629 306 2691 tia
328 2649 395 2694 non
418 2626 501 2693 adeo
517 2627 662 2694 videatur
685 2649 819 2694 curasse.
855 2629 920 2694 Sed
944 2643 976 2698 et
998 2634 1111 2700 horum
1132 2647 1164 2701 et
1186 2636 1319 2700 aliorum

262 2729 400 2816 denique
434 2740 600 2819 poetarum
631 2735 665 2798 in
693 2730 786 2797 simili
815 2738 1007 2803 versantium
1037 2750 1224 2827 argumento
1255 2748 1319 2802 tam

262 2855 363 2918 pauca
394 2837 571 2921 exiguaque
600 2846 772 2920 supersunt
802 2837 994 2924 fragmenta,
1029 2853 1065 2907 ut
1094 2847 1181 2911 certi¹
1200 2841 1319 2924 aliquid

262 2941 402 3002 statuere
424 2956 555 3022 prorsus
579 2958 781 3023 nequeamus.
826 2941 900 3005 Una
930 2951 1065 3022 tantum,
1093 2965 1161 3006 mea
1191 2941 1317 3026 quidem

263 3041 428 3118 sententia,
451 3042 594 3126 proxime
617 3040 658 3106 ad
681 3046 807 3108 satiram
830 3043 953 3112 accedit
974 3049 1102 3131 antiqua
1120 3045 1317 3112 Graecorum

263 3142 444 3222 comoedia,
470 3141 566 3234 idque
589 3147 650 3211 iam
673 3147 824 3216 Horatius
848 3148 925 3214 dixit
948 3151 1059 3232 (serm.
1075 3151 1099 3214 Ι.
1124 3152 1175 3230 4.)
1219 3144 1222 3148 ’

367 3259 480 3320 Eupoli·
499 3263 581 3324 atque
599 3259 730 3332 quatinus
746 3262 994 3330 Aristophanesque
1012 3269 1110 3328 poetae

367 3345 457 3404 Atque
475 3343 537 3410 alii,
557 3359 668 3408 quorum
687 3349 828 3414 comoedia
846 3349 937 3410 prisca
955 3349 1073 3398 virorum
1092 3353 1145 3414 est,

368 3427 476 3492 siquis
495 3433 555 3479 erut
573 3431 670 3502 dignus
689 3433 818 3498 deseribl,
840 3434 910 3495 quod
928 3434 1028 3500 malus,
1048 3437 1095 3483 aut
1112 3435 1166 3499 fur,

368 3515 446 3576 Quod
464 3517 593 3566 moechus
606 3515 700 3584 ¹foret,
719 3516 915 3582 cursiculus,
934 3522 981 3567 aut
1000 3517 1101 3583 alioqui

367 3601 514 3668 hammus,
532 3602 617 3652 multa
636 3615 697 3653 cum
714 3604 841 3654 libertate
859 3603 998 3652 notabant.

367 3686 437 3736 Hinc
456 3686 543 3736 omnis
561 3691 661 3749 pendet
679 3688 815 3754 Lucilius,
834 3690 917 3738 hosce
934 3693 1046 3740 secutus

365 3770 479 3824 Mutstls
497 3775 603 3824 tuntum
621 3773 733 3836 pedihus
752 3773 922 3837 numerisque
941 3777 994 3824 etc.

262 3861 384 3927 Tamen
406 3883 448 3926 ne
470 3862 530 3925 hae
553 3861 679 3947 quidem
702 3873 764 3926 tam
788 3873 854 3928 arte
877 3866 960 3929 inter
982 3886 1017 3928 se
1034 3866 1220 3929 coniunctae
1236 3875 1317 3942 sunt,

263 4003 462 4015 -...-----.—

334 4081 366 4146 1)
397 4078 440 4134 cf.
458 4079 593 4136 Heinrich.
614 4079 654 4135 ed.
675 4080 731 4136 luv.
746 4082 806 4160 prol.
819 4083 851 4141 ll.
871 4105 896 4162 p.
912 4087 951 4138 15.
