2980 4700
218 297 224 316 ⁸
301 319 352 390 eo

305 495 498 572 ratiuncula,
526 495 684 576 (xxxix.
709 496 762 574 42,
785 496 858 574 43.)
888 493 929 559 ad
958 515 1050 580 quam
1078 500 1228 581 respiciat
1256 507 1366 583 poeta,

307 600 362 665 ubi
385 609 461 684 post
483 597 542 661 alia
565 599 645 662 haee
668 599 766 663 verba
788 599 940 687 leguntur
962 621 988 663 c.
1005 601 1056 663 43.
1091 596 1296 676 „Placentiae
1319 601 1368 662 fa-

305 723 450 781 „mosam
472 700 643 780 mulierem,
667 705 754 786 carius
777 724 886 768 amore
908 701 1068 788 deperiret
1087 702 1143 781 (L.
1160 698 1367 783 Quinctius),

305 808 362 884 „in
380 808 560 870 convivium
577 809 771 881 arcessitam
794 807 839 871 ibi
861 810 1030 872 iactantem
1052 826 1122 869 sese
1137 811 1254 879 scorto,
1276 805 1365 865 inter

305 920 434 989 „cetera
452 909 614 982 retulisse,
638 928 731 988 quam
755 910 869 970 acriter
892 912 1094 990 quaestiones
1118 908 1306 972 exercuisset
1329 915 1366 968 et

305 1034 421 1097 „quam
443 1007 560 1072 multos
583 1009 696 1092 capitis
719 1003 886 1071 damnatos
909 1010 943 1072 in
957 1009 1092 1072 vinculis
1115 1010 1257 1087 haberet,
1280 1029 1363 1091 quos

304 1115 430 1192 „securi
445 1131 653 1196 percussurus
670 1120 762 1175 esset.
794 1114 877 1176 Tum
899 1111 986 1176 illam
1008 1111 1090 1175 inira
1107 1133 1178 1176 eum
1201 1112 1364 1175 adcuban-

304 1226 390 1296 „tem
413 1234 556 1302 negasse,
579 1236 725 1298 umquam
740 1214 859 1280 vidisse
876 1239 1061 1303 quemquam
1078 1218 1181 1280 securi
1198 1215 1365 1278 ferientem

303 1328 361 1399 „et
378 1317 520 1405 pervelle
536 1316 568 1381 id
583 1318 704 1382 videre.
745 1321 806 1382 Hic
828 1319 1047 1405 indulgentem
1070 1330 1242 1382 amatorem
1266 1339 1366 1382 unum
1411 1309 1417 1317 ⁸

304 1445 366 1500 „ex
380 1421 442 1483 illis
457 1423 587 1496 miseris,
610 1420 733 1483 adtrahi
748 1423 874 1495 iussum,
898 1423 1001 1484 securi
1016 1423 1237 1503 percussisse.“
1270 1422 1367 1484 Hanc

209 1559 211 1574 ι
303 1525 518 1586 narrationem
547 1520 721 1585 secundum
744 1522 917 1587 Heinrichii
939 1525 1126 1586 sententiam
1150 1532 1223 1585 ante
1247 1522 1364 1587 oculos

303 1625 415 1689 babuit
437 1622 595 1687 luvenalis
620 1633 652 1688 et
674 1628 805 1688 maxime
828 1623 954 1710 quidem
969 1625 1065 1689 verba
1089 1629 1273 1703 ,iactantem
1290 1643 1364 1688 sese

302 1733 455 1807 „scort0,“
477 1750 572 1812 quum
588 1728 751 1794 Neronem
775 1729 948 1816 depingere
964 1728 1112 1793 voluerit.
1145 1728 1257 1791 Paucis
1277 1729 1363 1791 enim

303 1832 351 1897 his
365 1831 500 1896 vocibus
515 1831 777 1918 lineamentisque
792 1831 879 1895 illico
899 1831 1147 1896 crudelissimum
1164 1840 1196 1894 et
1210 1823 1366 1894 libidine
1427 1909 1432 1917 ι

303 1938 457 1998 sissimum
480 1947 651 2019 tyrannum
674 1939 705 1999 iu
729 1938 912 1998 memoriam
934 1937 1086 2012 revocari,
1109 1936 1164 2017 qui
1179 1936 1308 1998 amicam
1326 1933 1364 1996 il·
1453 1943 1454 1950 ’

303 2036 380 2116 lam,
402 2038 601 2102 sermonibus
625 2037 774 2102 carnifice
795 2039 896 2124 magis
920 2058 1012 2122 quam
1035 2040 1227 2122 imperatore
1242 2036 1360 2124 dignis

303 2141 463 2206 delectare
486 2139 621 2206 studeat.
649 2179 688 2194 -
719 2142 938 2227 Maximopere
961 2162 1011 2204 me
1033 2141 1096 2204 hoc
1118 2139 1192 2204 loco
1215 2143 1363 2205 miratum

303 2267 373 2310 esse
397 2243 563 2322 confiteor,
587 2266 651 2330 quo
675 2246 747 2309 duci
771 2247 873 2330 possit
895 2247 1058 2330 ceteroqui
1080 2266 1148 2309 non
1169 2231 1291 2308 bebetis
1314 2245 1363 2308 iu-

301 2352 390 2434 genii
404 2352 461 2424 vir,
484 2351 613 2411 nimium
632 2346 797 2412 doetrinae
815 2369 891 2410 suae
908 2346 1087 2435 indulgens
1111 2351 1154 2412 ita
1177 2357 1212 2411 ut
1233 2350 1267 2411 in
1290 2349 1363 2410 sim-

302 2448 479 2535 plicissimis
509 2451 687 2534 quibusque
709 2449 817 2512 verbis
840 2458 969 2532 poetam
991 2461 1074 2513 tecte
1098 2462 1130 2514 et
1151 2451 1283 2535 oblique
1303 2451 1362 2514 ali-

302 2551 379 2637 quid
394 2555 536 2640 tetigisse
550 2561 650 2638 putet,
672 2551 759 2636 quod
779 2575 817 2616 ex
840 2551 909 2616 aliis
932 2561 1053 2614 tantum
1074 2554 1283 2637 scriptoribus
1307 2576 1361 2620 co-

302 2658 415 2744 gnosci
439 2654 706 2742 atque,explicari
727 2659 837 2741 possit.
876 2654 1055 2720 Similitudo
1079 2665 1183 2721 autem
1205 2659 1357 2720 interLi-

301 2762 345 2823 vii
367 2759 632 2825 narratiunculam
656 2771 688 2826 et
711 2759 869 2824 luvenalis
893 2760 952 2822 bos
974 2779 1083 2822 versus
1107 2757 1168 2822 alia
1192 2770 1240 2823 est
1260 2758 1357 2838 nulla,

303 2881 394 2944 quam
424 2862 511 2945 qued
539 2867 573 2925 in
603 2865 742 2945 utrisque
769 2863 900 2926 verbum
929 2864 1088 2924 invenitur
1116 2884 1174 2939 „se
1203 2865 1356 2938 iactare“;

303 2983 422 3042 omnes,
444 2986 526 3049 quae
548 2974 714 3050 praeterea
735 2968 844 3027 insunt
865 2960 1143 3041 dissimilitudines,
1165 2962 1357 3048 praeiudica-

301 3076 363 3132 tam
386 3078 499 3132 tenens
522 3071 706 3154 opinionem
728 3066 870 3155 neglexit
890 3065 1100 3130 Heinricbius.

728 3251 929 3266 ,-,-.-...-...

390 3379 545 3443 Venimus
573 3381 634 3444 iam
662 3381 702 3444 ad
726 3379 807 3445 alios
830 3381 921 3444 buius
944 3379 1059 3442 satirae
1081 3399 1190 3442 versus
1214 3379 1299 3457 (105
1324 3390 1354 3443 et

301 3483 401 3568 sqq),
423 3483 456 3545 in
479 3480 608 3566 quibus,
630 3481 706 3547 licet
728 3504 842 3569 perse
865 3503 932 3546 non
955 3479 1037 3545 adeo
1062 3480 1258 3559 difficilibm,
1281 3503 1353 3566 pro-

300 3595 373 3669 pter
399 3583 618 3649 incredibilem
644 3589 851 3671 interpretum
874 3584 1109 3673 neglegentiam
1132 3595 1225 3669 atque
1247 3606 1353 3650 socor-

301 3687 399 3766 diam,
428 3712 495 3754 non
523 3688 655 3776 simplex
683 3688 842 3755 notandus
867 3698 915 3751 est
936 3711 1034 3753 error.
1079 3689 1260 3755 Libertiuus
1289 3693 1352 3775 qui-

301 3791 387 3869 dam,
417 3814 527 3876 quum,
557 3804 592 3858 ut
621 3805 770 3878 posceret
797 3790 986 3878 sportulam,
1014 3796 1100 3878 prius
1131 3792 1169 3857 ad
1194 3794 1352 3880 dispensa·

300 3905 401 3958 torem
431 3899 581 3972 venisset,
611 3919 703 3981 quam
729 3880 862 3981 ¹praetor
891 3905 923 3959 et
951 3896 1110 3973 tribunus,
1139 3901 1248 3962 nescio
1276 3901 1351 3982 quis,

300 3999 409 4077 („uant
432 4008 548 4063 vexant
571 4009 603 4062 et
625 3998 671 4062 illi
695 4000 826 4064 divitum
849 3997 994 4079 limina“)
1012 4009 1044 4063 et
1065 4008 1171 4068 tamen
1193 3999 1255 4065 illis
1278 4012 1351 4087 pest

299 4108 486 4184 poneretur,
509 4104 557 4165 ius
579 4123 669 4166 suum
692 4109 929 4187 persecuturus:
