<?xml version="1.0" encoding="UTF-8"?>
<!DOCTYPE html PUBLIC "-//W3C//DTD XHTML 1.0 Transitional//EN"
    "http://www.w3.org/TR/xhtml1/DTD/xhtml1-transitional.dtd">
<html xmlns="http://www.w3.org/1999/xhtml" xml:lang="en" lang="en">
 <head>
  <title>
</title>
<meta http-equiv="Content-Type" content="text/html;charset=utf-8" />
  <meta name='ocr-system' content='tesseract 3.04.00' />
  <meta name='ocr-capabilities' content='ocr_page ocr_carea ocr_par ocr_line ocrx_word'/>
</head>
<body>
  <div class='ocr_page' id='page_1' title='image "./carolikempfiiob00kempgoog_0070.png"; bbox 0 0 2980 4700; ppageno 0'>
   <div class='ocr_carea' id='block_1_1' title="bbox 1152 323 1201 392">
    <p class='ocr_par' dir='ltr' id='par_1_1' title="bbox 1152 323 1201 392">
     <span class='ocr_line' id='line_1_1' title="bbox 1152 323 1201 392; baseline 0 0"><span class='ocrx_word' id='word_1_1' title='bbox 1152 323 1201 392; x_wconf 79' lang='lat'><strong>65</strong></span> 
     </span>
    </p>
   </div>
   <div class='ocr_carea' id='block_1_2' title="bbox 55 505 1205 3438">
    <p class='ocr_par' dir='ltr' id='par_1_2' title="bbox 142 505 1203 1111">
     <span class='ocr_line' id='line_1_2' title="bbox 142 505 1200 595; baseline -0.003 -20"><span class='ocrx_word' id='word_1_2' title='bbox 142 531 269 576; x_wconf 85' lang='lat' dir='ltr'><strong>sumere</strong></span> <span class='ocrx_word' id='word_1_3' title='bbox 291 509 413 590; x_wconf 82' lang='lat' dir='ltr'><strong>licebat,</strong></span> <span class='ocrx_word' id='word_1_4' title='bbox 436 534 473 577; x_wconf 84' lang='lat' dir='ltr'><strong>ex</strong></span> <span class='ocrx_word' id='word_1_5' title='bbox 495 514 571 595; x_wconf 89' lang='lat' dir='ltr'><strong>ipsis</strong></span> <span class='ocrx_word' id='word_1_6' title='bbox 594 518 712 594; x_wconf 88' lang='lat' dir='ltr'><strong>poetae</strong></span> <span class='ocrx_word' id='word_1_7' title='bbox 736 505 948 572; x_wconf 68' lang='lat' dir='ltr'>carminibus..</span> <span class='ocrx_word' id='word_1_8' title='bbox 974 508 1013 572; x_wconf 89' lang='lat' dir='ltr'><strong>ln</strong></span> <span class='ocrx_word' id='word_1_9' title='bbox 1033 508 1072 572; x_wconf 91' lang='lat' dir='ltr'><strong>iis</strong></span> <span class='ocrx_word' id='word_1_10' title='bbox 1095 515 1200 572; x_wconf 86' lang='lat' dir='ltr'><strong>autem</strong></span> 
     </span>
     <span class='ocr_line' id='line_1_3' title="bbox 143 610 1203 700; baseline -0.002 -22"><span class='ocrx_word' id='word_1_11' title='bbox 143 615 257 692; x_wconf 84' lang='lat' dir='ltr'><strong>rebus,</strong></span> <span class='ocrx_word' id='word_1_12' title='bbox 279 635 356 700; x_wconf 87' lang='lat' dir='ltr'><strong>quas</strong></span> <span class='ocrx_word' id='word_1_13' title='bbox 378 613 570 678; x_wconf 87' lang='lat' dir='ltr'><strong>addiderunt</strong></span> <span class='ocrx_word' id='word_1_14' title='bbox 590 610 716 676; x_wconf 88' lang='lat' dir='ltr'><strong>illarum</strong></span> <span class='ocrx_word' id='word_1_15' title='bbox 739 611 874 672; x_wconf 86' lang='lat' dir='ltr'><strong>vitarum</strong></span> <span class='ocrx_word' id='word_1_16' title='bbox 897 611 1084 693; x_wconf 88' lang='lat' dir='ltr'><strong>scriptores,</strong></span> <span class='ocrx_word' id='word_1_17' title='bbox 1107 631 1203 695; x_wconf 84' lang='lat' dir='ltr'><strong>quae-</strong></span> 
     </span>
     <span class='ocr_line' id='line_1_4' title="bbox 144 713 1201 802; baseline -0.004 -21"><span class='ocrx_word' id='word_1_18' title='bbox 144 739 209 802; x_wconf 86' lang='lat' dir='ltr'><strong>que</strong></span> <span class='ocrx_word' id='word_1_19' title='bbox 230 737 297 782; x_wconf 88' lang='lat' dir='ltr'><strong>non</strong></span> <span class='ocrx_word' id='word_1_20' title='bbox 321 739 359 782; x_wconf 82' lang='lat' dir='ltr'><strong>ex</strong></span> <span class='ocrx_word' id='word_1_21' title='bbox 380 719 458 801; x_wconf 90' lang='lat' dir='ltr'><strong>ipsis</strong></span> <span class='ocrx_word' id='word_1_22' title='bbox 480 715 584 776; x_wconf 87' lang='lat' dir='ltr'><strong>satiris</strong></span> <span class='ocrx_word' id='word_1_23' title='bbox 607 713 762 796; x_wconf 79' lang='lat' dir='ltr'><strong>cognosci</strong></span> <span class='ocrx_word' id='word_1_24' title='bbox 787 719 937 795; x_wconf 81' lang='lat' dir='ltr'><strong>possunt,</strong></span> <span class='ocrx_word' id='word_1_25' title='bbox 966 713 1112 796; x_wconf 90' lang='lat' dir='ltr'><strong>quisque,</strong></span> <span class='ocrx_word' id='word_1_26' title='bbox 1141 734 1201 778; x_wconf 89' lang='lat' dir='ltr'><strong>suo</strong></span> 
     </span>
     <span class='ocr_line' id='line_1_5' title="bbox 144 811 1202 908; baseline -0.006 -24"><span class='ocrx_word' id='word_1_27' title='bbox 144 819 315 908; x_wconf 83' lang='lat' dir='ltr'><strong>indulgens</strong></span> <span class='ocrx_word' id='word_1_28' title='bbox 337 819 471 903; x_wconf 83' lang='lat' dir='ltr'><strong>ingenio</strong></span> <span class='ocrx_word' id='word_1_29' title='bbox 494 817 622 899; x_wconf 87' lang='lat' dir='ltr'><strong>suisque</strong></span> <span class='ocrx_word' id='word_1_30' title='bbox 645 813 851 888; x_wconf 84' lang='lat' dir='ltr'><strong>coniecturis,</strong></span> <span class='ocrx_word' id='word_1_31' title='bbox 880 821 930 876; x_wconf 95' lang='lat' dir='ltr'><strong>tot</strong></span> <span class='ocrx_word' id='word_1_32' title='bbox 952 811 1072 876; x_wconf 87' lang='lat' dir='ltr'><strong>absona</strong></span> <span class='ocrx_word' id='word_1_33' title='bbox 1094 825 1202 899; x_wconf 88' lang='lat' dir='ltr'><strong>protu-</strong></span> 
     </span>
     <span class='ocr_line' id='line_1_6' title="bbox 143 913 1202 1004; baseline -0.008 -15"><span class='ocrx_word' id='word_1_34' title='bbox 143 923 191 1002; x_wconf 90' lang='lat' dir='ltr'><strong>lit,</strong></span> <span class='ocrx_word' id='word_1_35' title='bbox 212 933 263 987; x_wconf 93' lang='lat' dir='ltr'><strong>tot</strong></span> <span class='ocrx_word' id='word_1_36' title='bbox 285 928 396 1004; x_wconf 90' lang='lat' dir='ltr'><strong>aperte</strong></span> <span class='ocrx_word' id='word_1_37' title='bbox 418 917 505 997; x_wconf 81' lang='lat' dir='ltr'><strong>falsa,</strong></span> <span class='ocrx_word' id='word_1_38' title='bbox 526 929 562 983; x_wconf 86' lang='lat' dir='ltr'><strong>ut</strong></span> <span class='ocrx_word' id='word_1_39' title='bbox 577 918 682 982; x_wconf 90' lang='lat' dir='ltr'><strong>omnia</strong></span> <span class='ocrx_word' id='word_1_40' title='bbox 705 913 759 980; x_wconf 91' lang='lat' dir='ltr'><strong>illa</strong></span> <span class='ocrx_word' id='word_1_41' title='bbox 779 925 956 980; x_wconf 90' lang='lat' dir='ltr'><strong>commenta</strong></span> <span class='ocrx_word' id='word_1_42' title='bbox 976 913 1109 1002; x_wconf 82' lang='lat' dir='ltr'><strong>indigna</strong></span> <span class='ocrx_word' id='word_1_43' title='bbox 1131 919 1202 994; x_wconf 88' lang='lat' dir='ltr'><strong>sint,</strong></span> 
     </span>
     <span class='ocr_line' id='line_1_7' title="bbox 145 1018 975 1111; baseline -0.007 -21"><span class='ocrx_word' id='word_1_44' title='bbox 145 1024 259 1111; x_wconf 88' lang='lat' dir='ltr'><strong>quibus</strong></span> <span class='ocrx_word' id='word_1_45' title='bbox 282 1025 383 1109; x_wconf 81' lang='lat' dir='ltr'><strong>magis</strong></span> <span class='ocrx_word' id='word_1_46' title='bbox 405 1021 568 1088; x_wconf 85' lang='lat' dir='ltr'><strong>credamus</strong></span> <span class='ocrx_word' id='word_1_47' title='bbox 592 1042 684 1107; x_wconf 91' lang='lat' dir='ltr'><strong>quam</strong></span> <span class='ocrx_word' id='word_1_48' title='bbox 707 1018 868 1087; x_wconf 79' lang='lat' dir='ltr'><strong>nobismet</strong></span> <span class='ocrx_word' id='word_1_49' title='bbox 890 1021 975 1105; x_wconf 90' lang='lat' dir='ltr'><strong>ipsis.</strong></span> 
     </span>
    </p>

    <p class='ocr_par' dir='ltr' id='par_1_3' title="bbox 55 1125 1205 3438">
     <span class='ocr_line' id='line_1_8' title="bbox 235 1125 1202 1210; baseline -0.002 -20"><span class='ocrx_word' id='word_1_50' title='bbox 235 1126 388 1191; x_wconf 88' lang='lat' dir='ltr'><strong>Omnium</strong></span> <span class='ocrx_word' id='word_1_51' title='bbox 408 1130 542 1188; x_wconf 83' lang='lat' dir='ltr'><strong>vitarum</strong></span> <span class='ocrx_word' id='word_1_52' title='bbox 564 1125 810 1206; x_wconf 79' lang='lat' dir='ltr'><strong>antiquissimam</strong></span> <span class='ocrx_word' id='word_1_53' title='bbox 834 1145 901 1187; x_wconf 88' lang='lat' dir='ltr'><strong>eam</strong></span> <span class='ocrx_word' id='word_1_54' title='bbox 925 1145 1010 1204; x_wconf 90' lang='lat' dir='ltr'><strong>esse,</strong></span> <span class='ocrx_word' id='word_1_55' title='bbox 1039 1145 1120 1210; x_wconf 89' lang='lat' dir='ltr'><strong>qnae</strong></span> <span class='ocrx_word' id='word_1_56' title='bbox 1143 1145 1202 1210; x_wconf 89' lang='lat' dir='ltr'><strong>po-</strong></span> 
     </span>
     <span class='ocr_line' id='line_1_9' title="bbox 55 1217 1203 1309; baseline 0 -16"><span class='ocrx_word' id='word_1_57' title='bbox 55 1217 57 1222; x_wconf 48' lang='grc'>’</span> <span class='ocrx_word' id='word_1_58' title='bbox 146 1233 208 1292; x_wconf 85' lang='lat' dir='ltr'><strong>sita</strong></span> <span class='ocrx_word' id='word_1_59' title='bbox 230 1236 279 1290; x_wconf 87' lang='lat' dir='ltr'><strong>est</strong></span> <span class='ocrx_word' id='word_1_60' title='bbox 300 1236 375 1288; x_wconf 89' lang='lat' dir='ltr'><strong>aute</strong></span> <span class='ocrx_word' id='word_1_61' title='bbox 396 1224 526 1304; x_wconf 90' lang='lat' dir='ltr'><strong>scholia,</strong></span> <span class='ocrx_word' id='word_1_62' title='bbox 549 1225 730 1309; x_wconf 80' lang='lat' dir='ltr'><strong>aGsorgio</strong></span> <span class='ocrx_word' id='word_1_63' title='bbox 743 1221 838 1286; x_wconf 89' lang='lat' dir='ltr'><strong>Valla</strong></span> <span class='ocrx_word' id='word_1_64' title='bbox 861 1228 993 1309; x_wconf 90' lang='lat' dir='ltr'><strong>primum</strong></span> <span class='ocrx_word' id='word_1_65' title='bbox 1017 1227 1102 1291; x_wconf 88' lang='lat' dir='ltr'><strong>edita</strong></span> <span class='ocrx_word' id='word_1_66' title='bbox 1124 1229 1203 1294; x_wconf 89' lang='lat' dir='ltr'><strong>Pro-</strong></span> 
     </span>
     <span class='ocr_line' id='line_1_10' title="bbox 146 1325 1203 1416; baseline 0.001 -23"><span class='ocrx_word' id='word_1_67' title='bbox 146 1329 257 1414; x_wconf 91' lang='lat' dir='ltr'><strong>boque</strong></span> <span class='ocrx_word' id='word_1_68' title='bbox 278 1331 498 1416; x_wconf 82' lang='lat' dir='ltr'><strong>grammatico,</strong></span> <span class='ocrx_word' id='word_1_69' title='bbox 526 1327 568 1394; x_wconf 89' lang='lat' dir='ltr'><strong>ab</strong></span> <span class='ocrx_word' id='word_1_70' title='bbox 589 1327 658 1392; x_wconf 92' lang='lat' dir='ltr'><strong>aliis</strong></span> <span class='ocrx_word' id='word_1_71' title='bbox 682 1325 855 1403; x_wconf 86' lang='lat' dir='ltr'><strong>Suetonio,</strong></span> <span class='ocrx_word' id='word_1_72' title='bbox 884 1329 1007 1402; x_wconf 86' lang='lat' dir='ltr'><strong>nescio,</strong></span> <span class='ocrx_word' id='word_1_73' title='bbox 1038 1331 1203 1411; x_wconf 77' lang='lat' dir='ltr'><strong>quoium,</strong></span> 
     </span>
     <span class='ocr_line' id='line_1_11' title="bbox 145 1429 1205 1520; baseline -0.004 -22"><span class='ocrx_word' id='word_1_74' title='bbox 145 1431 264 1520; x_wconf 78' lang='lat' dir='ltr'><strong>tributa</strong></span> <span class='ocrx_word' id='word_1_75' title='bbox 279 1433 326 1512; x_wconf 87' lang='lat'><strong>¹),</strong></span> <span class='ocrx_word' id='word_1_76' title='bbox 350 1454 445 1518; x_wconf 89' lang='lat' dir='ltr'><strong>quum</strong></span> <span class='ocrx_word' id='word_1_77' title='bbox 469 1454 506 1496; x_wconf 82' lang='lat' dir='ltr'><strong>ex</strong></span> <span class='ocrx_word' id='word_1_78' title='bbox 529 1441 599 1495; x_wconf 80' lang='lat' dir='ltr'><strong>toto</strong></span> <span class='ocrx_word' id='word_1_79' title='bbox 624 1429 750 1494; x_wconf 90' lang='lat' dir='ltr'><strong>dicendi</strong></span> <span class='ocrx_word' id='word_1_80' title='bbox 772 1450 905 1518; x_wconf 81' lang='lat' dir='ltr'><strong>genere,</strong></span> <span class='ocrx_word' id='word_1_81' title='bbox 934 1438 999 1494; x_wconf 87' lang='lat' dir='ltr'><strong>tum</strong></span> <span class='ocrx_word' id='word_1_82' title='bbox 1024 1451 1061 1494; x_wconf 83' lang='lat' dir='ltr'><strong>ex</strong></span> <span class='ocrx_word' id='word_1_83' title='bbox 1084 1452 1124 1496; x_wconf 92' lang='lat' dir='ltr'><strong>eo</strong></span> <span class='ocrx_word' id='word_1_84' title='bbox 1148 1453 1205 1516; x_wconf 82' lang='lat' dir='ltr'><strong>ap·</strong></span> 
     </span>
     <span class='ocr_line' id='line_1_12' title="bbox 144 1531 1202 1620; baseline 0 -22"><span class='ocrx_word' id='word_1_85' title='bbox 144 1545 245 1620; x_wconf 88' lang='lat' dir='ltr'><strong>paret,</strong></span> <span class='ocrx_word' id='word_1_86' title='bbox 268 1534 356 1620; x_wconf 86' lang='lat' dir='ltr'><strong>quod</strong></span> <span class='ocrx_word' id='word_1_87' title='bbox 379 1537 432 1620; x_wconf 89' lang='lat' dir='ltr'><strong>qui</strong></span> <span class='ocrx_word' id='word_1_88' title='bbox 454 1537 532 1601; x_wconf 85' lang='lat' dir='ltr'><strong>novi</strong></span> <span class='ocrx_word' id='word_1_89' title='bbox 554 1555 677 1600; x_wconf 88' lang='lat' dir='ltr'><strong>errores</strong></span> <span class='ocrx_word' id='word_1_90' title='bbox 700 1536 903 1620; x_wconf 82' lang='lat' dir='ltr'><strong>ineptiasque</strong></span> <span class='ocrx_word' id='word_1_91' title='bbox 925 1535 959 1596; x_wconf 89' lang='lat' dir='ltr'><strong>in</strong></span> <span class='ocrx_word' id='word_1_92' title='bbox 980 1531 1111 1620; x_wconf 88' lang='lat' dir='ltr'><strong>reliquis</strong></span> <span class='ocrx_word' id='word_1_93' title='bbox 1129 1536 1202 1598; x_wconf 87' lang='lat' dir='ltr'><strong>vitis</strong></span> 
     </span>
     <span class='ocr_line' id='line_1_13' title="bbox 146 1635 1202 1722; baseline 0.003 -22"><span class='ocrx_word' id='word_1_94' title='bbox 146 1635 435 1722; x_wconf 84' lang='lat' dir='ltr'><strong>deprehenduntur,</strong></span> <span class='ocrx_word' id='word_1_95' title='bbox 459 1660 497 1704; x_wconf 85' lang='lat' dir='ltr'><strong>ex</strong></span> <span class='ocrx_word' id='word_1_96' title='bbox 518 1638 578 1702; x_wconf 88' lang='lat' dir='ltr'><strong>hac</strong></span> <span class='ocrx_word' id='word_1_97' title='bbox 598 1637 692 1702; x_wconf 88' lang='lat' dir='ltr'><strong>facile</strong></span> <span class='ocrx_word' id='word_1_98' title='bbox 712 1637 831 1702; x_wconf 90' lang='lat' dir='ltr'><strong>habent</strong></span> <span class='ocrx_word' id='word_1_99' title='bbox 850 1636 1092 1722; x_wconf 82' lang='lat' dir='ltr'><strong>explicationem</strong></span> <span class='ocrx_word' id='word_1_100' title='bbox 1104 1639 1142 1718; x_wconf 84' lang='lat'><strong>²).</strong></span> <span class='ocrx_word' id='word_1_101' title='bbox 1158 1673 1202 1687; x_wconf 94' lang='lat'>-</span> 
     </span>
     <span class='ocr_line' id='line_1_14' title="bbox 144 1739 1202 1826; baseline 0.002 -22"><span class='ocrx_word' id='word_1_102' title='bbox 144 1740 302 1825; x_wconf 82' lang='lat' dir='ltr'><strong>Reliquae</strong></span> <span class='ocrx_word' id='word_1_103' title='bbox 325 1751 411 1806; x_wconf 88' lang='lat' dir='ltr'><strong>sunt:</strong></span> <span class='ocrx_word' id='word_1_104' title='bbox 440 1744 483 1821; x_wconf 81' lang='lat'><strong>2)</strong></span> <span class='ocrx_word' id='word_1_105' title='bbox 504 1744 588 1819; x_wconf 86' lang='lat' dir='ltr'><strong>vita,</strong></span> <span class='ocrx_word' id='word_1_106' title='bbox 612 1763 693 1826; x_wconf 89' lang='lat' dir='ltr'><strong>quae</strong></span> <span class='ocrx_word' id='word_1_107' title='bbox 722 1739 804 1806; x_wconf 86' lang='lat' dir='ltr'><strong>falso</strong></span> <span class='ocrx_word' id='word_1_108' title='bbox 828 1739 923 1804; x_wconf 88' lang='lat' dir='ltr'><strong>Aelio</strong></span> <span class='ocrx_word' id='word_1_109' title='bbox 946 1742 1079 1808; x_wconf 88' lang='lat' dir='ltr'><strong>Donato</strong></span> <span class='ocrx_word' id='word_1_110' title='bbox 1109 1745 1202 1806; x_wconf 87' lang='lat' dir='ltr'><strong>ascri-</strong></span> 
     </span>
     <span class='ocr_line' id='line_1_15' title="bbox 144 1841 1202 1927; baseline 0 -21"><span class='ocrx_word' id='word_1_111' title='bbox 144 1842 238 1920; x_wconf 92' lang='lat' dir='ltr'><strong>bitur,</strong></span> <span class='ocrx_word' id='word_1_112' title='bbox 261 1841 348 1926; x_wconf 90' lang='lat' dir='ltr'><strong>apud</strong></span> <span class='ocrx_word' id='word_1_113' title='bbox 369 1845 454 1927; x_wconf 86' lang='lat' dir='ltr'><strong>Rup.</strong></span> <span class='ocrx_word' id='word_1_114' title='bbox 477 1843 541 1906; x_wconf 84' lang='lat' dir='ltr'><strong>vol.</strong></span> <span class='ocrx_word' id='word_1_115' title='bbox 556 1843 581 1919; x_wconf 93' lang='lat' dir='ltr'><strong>l,</strong></span> <span class='ocrx_word' id='word_1_116' title='bbox 603 1864 635 1924; x_wconf 87' lang='lat' dir='ltr'><strong>p.</strong></span> <span class='ocrx_word' id='word_1_117' title='bbox 650 1842 723 1914; x_wconf 89' lang='lat' dir='ltr'>XII;</span> <span class='ocrx_word' id='word_1_118' title='bbox 752 1844 796 1920; x_wconf 91' lang='lat'><strong>3)</strong></span> <span class='ocrx_word' id='word_1_119' title='bbox 817 1845 881 1904; x_wconf 88' lang='lat' dir='ltr'><strong>vita</strong></span> <span class='ocrx_word' id='word_1_120' title='bbox 906 1863 924 1906; x_wconf 89' lang='lat' dir='ltr'><strong>e</strong></span> <span class='ocrx_word' id='word_1_121' title='bbox 947 1843 1058 1906; x_wconf 89' lang='lat' dir='ltr'><strong>codice</strong></span> <span class='ocrx_word' id='word_1_122' title='bbox 1081 1842 1202 1906; x_wconf 88' lang='lat' dir='ltr'><strong>Kulen-</strong></span> 
     </span>
     <span class='ocr_line' id='line_1_16' title="bbox 146 1942 1201 2030; baseline 0.001 -21"><span class='ocrx_word' id='word_1_123' title='bbox 146 1947 312 2030; x_wconf 83' lang='lat' dir='ltr'><strong>campiano</strong></span> <span class='ocrx_word' id='word_1_124' title='bbox 337 1943 510 2029; x_wconf 85' lang='lat' dir='ltr'><strong>descripta,</strong></span> <span class='ocrx_word' id='word_1_125' title='bbox 538 1967 589 2030; x_wconf 87' lang='lat' dir='ltr'><strong>ap.</strong></span> <span class='ocrx_word' id='word_1_126' title='bbox 611 1946 698 2030; x_wconf 86' lang='lat' dir='ltr'><strong>Rup.</strong></span> <span class='ocrx_word' id='word_1_127' title='bbox 718 1942 846 2010; x_wconf 89' lang='lat' dir='ltr'><strong>ibidem.</strong></span> <span class='ocrx_word' id='word_1_128' title='bbox 892 1945 933 2024; x_wconf 85' lang='grc'><strong>4)</strong></span> <span class='ocrx_word' id='word_1_129' title='bbox 960 1946 1025 2008; x_wconf 85' lang='lat' dir='ltr'><strong>vita</strong></span> <span class='ocrx_word' id='word_1_130' title='bbox 1047 1965 1066 2008; x_wconf 90' lang='lat' dir='ltr'><strong>e</strong></span> <span class='ocrx_word' id='word_1_131' title='bbox 1088 1942 1201 2010; x_wconf 88' lang='lat' dir='ltr'><strong>codice</strong></span> 
     </span>
     <span class='ocr_line' id='line_1_17' title="bbox 146 2045 1201 2134; baseline -0.004 -19"><span class='ocrx_word' id='word_1_132' title='bbox 146 2048 323 2115; x_wconf 87' lang='lat' dir='ltr'><strong>Omniboni</strong></span> <span class='ocrx_word' id='word_1_133' title='bbox 338 2049 553 2124; x_wconf 83' lang='lat' dir='ltr'><strong>Leonicensis,</strong></span> <span class='ocrx_word' id='word_1_134' title='bbox 576 2071 626 2134; x_wconf 89' lang='lat' dir='ltr'><strong>ap.</strong></span> <span class='ocrx_word' id='word_1_135' title='bbox 650 2048 810 2112; x_wconf 84' lang='lat' dir='ltr'><strong>Achaintr.</strong></span> <span class='ocrx_word' id='word_1_136' title='bbox 833 2045 897 2113; x_wconf 89' lang='lat' dir='ltr'><strong>vol.</strong></span> <span class='ocrx_word' id='word_1_137' title='bbox 913 2047 937 2112; x_wconf 92' lang='lat' dir='ltr'><strong>l.</strong></span> <span class='ocrx_word' id='word_1_138' title='bbox 960 2070 990 2133; x_wconf 88' lang='lat' dir='ltr'><strong>p.</strong></span> <span class='ocrx_word' id='word_1_139' title='bbox 1006 2049 1037 2112; x_wconf 88' lang='grc'><strong>3.</strong></span> <span class='ocrx_word' id='word_1_140' title='bbox 1071 2049 1114 2127; x_wconf 82' lang='lat'><strong>5)</strong></span> <span class='ocrx_word' id='word_1_141' title='bbox 1136 2051 1201 2112; x_wconf 88' lang='lat' dir='ltr'><strong>vita</strong></span> 
     </span>
     <span class='ocr_line' id='line_1_18' title="bbox 148 2149 1200 2234; baseline -0.002 -20"><span class='ocrx_word' id='word_1_142' title='bbox 148 2173 165 2214; x_wconf 90' lang='lat' dir='ltr'><strong>e</strong></span> <span class='ocrx_word' id='word_1_143' title='bbox 187 2151 336 2215; x_wconf 85' lang='lat' dir='ltr'><strong>Scriverii</strong></span> <span class='ocrx_word' id='word_1_144' title='bbox 359 2149 470 2216; x_wconf 90' lang='lat' dir='ltr'><strong>codice</strong></span> <span class='ocrx_word' id='word_1_145' title='bbox 494 2173 543 2234; x_wconf 89' lang='lat' dir='ltr'><strong>ap.</strong></span> <span class='ocrx_word' id='word_1_146' title='bbox 565 2153 625 2216; x_wconf 87' lang='lat' dir='ltr'><strong>Th.</strong></span> <span class='ocrx_word' id='word_1_147' title='bbox 648 2151 801 2219; x_wconf 80' lang='lat' dir='ltr'><strong>Cronium</strong></span> <span class='ocrx_word' id='word_1_148' title='bbox 823 2155 916 2217; x_wconf 88' lang='lat' dir='ltr'><strong>anim.</strong></span> <span class='ocrx_word' id='word_1_149' title='bbox 938 2149 1050 2232; x_wconf 87' lang='lat' dir='ltr'><strong>philol.</strong></span> <span class='ocrx_word' id='word_1_150' title='bbox 1074 2161 1106 2214; x_wconf 87' lang='lat' dir='ltr'><strong>ct</strong></span> <span class='ocrx_word' id='word_1_151' title='bbox 1127 2152 1200 2216; x_wconf 87' lang='lat' dir='ltr'><strong>hist.</strong></span> 
     </span>
     <span class='ocr_line' id='line_1_19' title="bbox 146 2250 1202 2338; baseline 0.002 -24"><span class='ocrx_word' id='word_1_152' title='bbox 146 2277 177 2338; x_wconf 91' lang='lat' dir='ltr'><strong>p.</strong></span> <span class='ocrx_word' id='word_1_153' title='bbox 193 2254 277 2316; x_wconf 85' lang='lat' dir='ltr'><strong>xlll.</strong></span> <span class='ocrx_word' id='word_1_154' title='bbox 301 2274 332 2336; x_wconf 88' lang='lat' dir='ltr'><strong>p.</strong></span> <span class='ocrx_word' id='word_1_155' title='bbox 350 2253 402 2315; x_wconf 75' lang='lat'><strong>12.</strong></span> <span class='ocrx_word' id='word_1_156' title='bbox 447 2253 571 2316; x_wconf 90' lang='lat' dir='ltr'><strong>Omitto</strong></span> <span class='ocrx_word' id='word_1_157' title='bbox 600 2259 706 2316; x_wconf 88' lang='lat' dir='ltr'><strong>autem</strong></span> <span class='ocrx_word' id='word_1_158' title='bbox 727 2256 806 2317; x_wconf 85' lang='lat' dir='ltr'><strong>vitas</strong></span> <span class='ocrx_word' id='word_1_159' title='bbox 836 2273 854 2313; x_wconf 92' lang='lat' dir='ltr'><strong>a</strong></span> <span class='ocrx_word' id='word_1_160' title='bbox 875 2253 996 2314; x_wconf 89' lang='lat' dir='ltr'><strong>Ioanne</strong></span> <span class='ocrx_word' id='word_1_161' title='bbox 1019 2250 1138 2314; x_wconf 82' lang='lat' dir='ltr'><strong>Malela</strong></span> <span class='ocrx_word' id='word_1_162' title='bbox 1169 2263 1202 2316; x_wconf 92' lang='lat' dir='ltr'><strong>et</strong></span> 
     </span>
     <span class='ocr_line' id='line_1_20' title="bbox 146 2350 1201 2440; baseline 0.001 -21"><span class='ocrx_word' id='word_1_163' title='bbox 146 2353 245 2420; x_wconf 89' lang='lat' dir='ltr'><strong>Suida</strong></span> <span class='ocrx_word' id='word_1_164' title='bbox 260 2356 466 2440; x_wconf 89' lang='lat' dir='ltr'><strong>conscriptas,</strong></span> <span class='ocrx_word' id='word_1_165' title='bbox 487 2351 550 2434; x_wconf 87' lang='lat' dir='ltr'><strong>(de</strong></span> <span class='ocrx_word' id='word_1_166' title='bbox 565 2354 679 2439; x_wconf 89' lang='lat' dir='ltr'><strong>quibus</strong></span> <span class='ocrx_word' id='word_1_167' title='bbox 695 2354 826 2422; x_wconf 85' lang='lat' dir='ltr'><strong>uberius</strong></span> <span class='ocrx_word' id='word_1_168' title='bbox 841 2355 908 2440; x_wconf 83' lang='lat' dir='ltr'><strong>egit</strong></span> <span class='ocrx_word' id='word_1_169' title='bbox 923 2350 1096 2418; x_wconf 85' lang='lat' dir='ltr'><strong>Franckius</strong></span> <span class='ocrx_word' id='word_1_170' title='bbox 1112 2377 1142 2439; x_wconf 92' lang='lat' dir='ltr'><strong>p.</strong></span> <span class='ocrx_word' id='word_1_171' title='bbox 1157 2357 1201 2420; x_wconf 79' lang='lat'><strong>28</strong></span> 
     </span>
     <span class='ocr_line' id='line_1_21' title="bbox 145 2456 1200 2544; baseline 0.001 -22"><span class='ocrx_word' id='word_1_172' title='bbox 145 2461 241 2542; x_wconf 84' lang='lat' dir='ltr'><strong>sqq),</strong></span> <span class='ocrx_word' id='word_1_173' title='bbox 264 2460 338 2544; x_wconf 90' lang='lat' dir='ltr'><strong>quia</strong></span> <span class='ocrx_word' id='word_1_174' title='bbox 359 2479 401 2522; x_wconf 87' lang='lat' dir='ltr'><strong>uc</strong></span> <span class='ocrx_word' id='word_1_175' title='bbox 424 2460 513 2542; x_wconf 90' lang='lat' dir='ltr'><strong>ipsae</strong></span> <span class='ocrx_word' id='word_1_176' title='bbox 529 2456 657 2543; x_wconf 87' lang='lat' dir='ltr'><strong>quidem</strong></span> <span class='ocrx_word' id='word_1_177' title='bbox 679 2461 757 2524; x_wconf 88' lang='lat' dir='ltr'><strong>novi</strong></span> <span class='ocrx_word' id='word_1_178' title='bbox 780 2457 949 2544; x_wconf 82' lang='lat' dir='ltr'><strong>quidquam</strong></span> <span class='ocrx_word' id='word_1_179' title='bbox 971 2456 1133 2544; x_wconf 83' lang='lat' dir='ltr'><strong>praebent,</strong></span> <span class='ocrx_word' id='word_1_180' title='bbox 1155 2461 1200 2523; x_wconf 84' lang='lat' dir='ltr'><strong>vi-</strong></span> 
     </span>
     <span class='ocr_line' id='line_1_22' title="bbox 144 2559 1198 2648; baseline 0.002 -22"><span class='ocrx_word' id='word_1_181' title='bbox 144 2571 208 2626; x_wconf 86' lang='lat' dir='ltr'><strong>tam</strong></span> <span class='ocrx_word' id='word_1_182' title='bbox 239 2583 257 2625; x_wconf 93' lang='lat' dir='ltr'><strong>e</strong></span> <span class='ocrx_word' id='word_1_183' title='bbox 285 2559 397 2630; x_wconf 78' lang='lat' dir='ltr'><strong>codice</strong></span> <span class='ocrx_word' id='word_1_184' title='bbox 418 2561 672 2634; x_wconf 75' lang='lat' dir='ltr'><strong>Schurnfleischii</strong></span> <span class='ocrx_word' id='word_1_185' title='bbox 693 2565 748 2643; x_wconf 90' lang='lat' dir='ltr'><strong>(iu</strong></span> <span class='ocrx_word' id='word_1_186' title='bbox 771 2565 838 2626; x_wconf 86' lang='lat' dir='ltr'><strong>eius</strong></span> <span class='ocrx_word' id='word_1_187' title='bbox 860 2562 958 2648; x_wconf 90' lang='lat' dir='ltr'><strong>praef.</strong></span> <span class='ocrx_word' id='word_1_188' title='bbox 982 2561 1082 2647; x_wconf 88' lang='lat' dir='ltr'><strong>spicil</strong></span> <span class='ocrx_word' id='word_1_189' title='bbox 1106 2565 1198 2638; x_wconf 82' lang='lat' dir='ltr'><strong>anim.</strong></span> 
     </span>
     <span class='ocr_line' id='line_1_23' title="bbox 145 2663 1199 2747; baseline 0.001 -22"><span class='ocrx_word' id='word_1_190' title='bbox 145 2666 178 2728; x_wconf 88' lang='lat' dir='ltr'><strong>in</strong></span> <span class='ocrx_word' id='word_1_191' title='bbox 192 2665 258 2730; x_wconf 80' lang='lat' dir='ltr'><strong>luv.</strong></span> <span class='ocrx_word' id='word_1_192' title='bbox 274 2669 353 2743; x_wconf 59' lang='lat' dir='ltr'><strong>sats)</strong></span> <span class='ocrx_word' id='word_1_193' title='bbox 378 2675 419 2730; x_wconf 82' lang='lat' dir='ltr'><strong>at.</strong></span> <span class='ocrx_word' id='word_1_194' title='bbox 431 2666 526 2732; x_wconf 87' lang='lat' dir='ltr'><strong>aliam</strong></span> <span class='ocrx_word' id='word_1_195' title='bbox 546 2669 659 2734; x_wconf 85' lang='lat' dir='ltr'><strong>incerti</strong></span> <span class='ocrx_word' id='word_1_196' title='bbox 683 2667 820 2729; x_wconf 86' lang='lat' dir='ltr'><strong>auctoris</strong></span> <span class='ocrx_word' id='word_1_197' title='bbox 832 2687 894 2747; x_wconf 81' lang='lat' dir='ltr'><strong>ap.</strong></span> <span class='ocrx_word' id='word_1_198' title='bbox 911 2665 1070 2736; x_wconf 88' lang='lat' dir='ltr'><strong>Achaintr.</strong></span> <span class='ocrx_word' id='word_1_199' title='bbox 1093 2663 1160 2726; x_wconf 87' lang='lat' dir='ltr'><strong>vol.</strong></span> <span class='ocrx_word' id='word_1_200' title='bbox 1177 2667 1199 2739; x_wconf 81' lang='lat' dir='ltr'><strong>l,</strong></span> 
     </span>
     <span class='ocr_line' id='line_1_24' title="bbox 143 2761 1200 2850; baseline -0.002 -20"><span class='ocrx_word' id='word_1_201' title='bbox 143 2789 176 2850; x_wconf 88' lang='lat' dir='ltr'><strong>p.</strong></span> <span class='ocrx_word' id='word_1_202' title='bbox 195 2768 232 2842; x_wconf 87' lang='grc'><strong>4,</strong></span> <span class='ocrx_word' id='word_1_203' title='bbox 255 2787 335 2849; x_wconf 83' lang='lat' dir='ltr'><strong>quac</strong></span> <span class='ocrx_word' id='word_1_204' title='bbox 358 2767 489 2834; x_wconf 83' lang='lat' dir='ltr'><strong>omnino</strong></span> <span class='ocrx_word' id='word_1_205' title='bbox 512 2763 694 2827; x_wconf 84' lang='lat' dir='ltr'><strong>Iuvenalem</strong></span> <span class='ocrx_word' id='word_1_206' title='bbox 719 2762 862 2825; x_wconf 83' lang='lat' dir='ltr'><strong>exulasse</strong></span> <span class='ocrx_word' id='word_1_207' title='bbox 884 2771 991 2848; x_wconf 81' lang='lat' dir='ltr'><strong>negat,</strong></span> <span class='ocrx_word' id='word_1_208' title='bbox 1013 2783 1108 2846; x_wconf 87' lang='lat' dir='ltr'><strong>quum</strong></span> <span class='ocrx_word' id='word_1_209' title='bbox 1130 2761 1200 2833; x_wconf 85' lang='lat' dir='ltr'><strong>nul-</strong></span> 
     </span>
     <span class='ocr_line' id='line_1_25' title="bbox 144 2863 1165 2958; baseline 0 -28"><span class='ocrx_word' id='word_1_210' title='bbox 144 2866 207 2932; x_wconf 86' lang='lat' dir='ltr'><strong>lam</strong></span> <span class='ocrx_word' id='word_1_211' title='bbox 230 2863 503 2951; x_wconf 76' lang='lat' dir='ltr'><strong>temporispaulo</strong></span> <span class='ocrx_word' id='word_1_212' title='bbox 526 2867 713 2950; x_wconf 84' lang='lat' dir='ltr'><strong>antiquioris</strong></span> <span class='ocrx_word' id='word_1_213' title='bbox 736 2867 874 2958; x_wconf 85' lang='lat' dir='ltr'><strong>speciem</strong></span> <span class='ocrx_word' id='word_1_214' title='bbox 896 2885 974 2950; x_wconf 85' lang='lat' dir='ltr'><strong>prae</strong></span> <span class='ocrx_word' id='word_1_215' title='bbox 995 2886 1031 2932; x_wconf 91' lang='lat' dir='ltr'><strong>se</strong></span> <span class='ocrx_word' id='word_1_216' title='bbox 1054 2865 1165 2932; x_wconf 85' lang='lat' dir='ltr'><strong>ferant.</strong></span> 
     </span>
     <span class='ocr_line' id='line_1_26' title="bbox 149 2967 1198 3056; baseline 0.004 -24"><span class='ocrx_word' id='word_1_217' title='bbox 149 3025 153 3032; x_wconf 89' lang='lat'><strong>.</strong></span> <span class='ocrx_word' id='word_1_218' title='bbox 231 2969 297 3034; x_wconf 86' lang='lat' dir='ltr'><strong>lam</strong></span> <span class='ocrx_word' id='word_1_219' title='bbox 319 2971 421 3056; x_wconf 79' lang='lat' dir='ltr'><strong>igitur¹</strong></span> <span class='ocrx_word' id='word_1_220' title='bbox 439 2968 480 3034; x_wconf 89' lang='lat' dir='ltr'><strong>ad</strong></span> <span class='ocrx_word' id='word_1_221' title='bbox 503 2967 763 3055; x_wconf 85' lang='lat' dir='ltr'><strong>contemplandas</strong></span> <span class='ocrx_word' id='word_1_222' title='bbox 789 2969 845 3032; x_wconf 88' lang='lat' dir='ltr'><strong>has</strong></span> <span class='ocrx_word' id='word_1_223' title='bbox 867 2973 962 3047; x_wconf 88' lang='lat' dir='ltr'><strong>vitas,</strong></span> <span class='ocrx_word' id='word_1_224' title='bbox 992 2991 1033 3036; x_wconf 87' lang='lat' dir='ltr'><strong>ue</strong></span> <span class='ocrx_word' id='word_1_225' title='bbox 1061 2972 1198 3054; x_wconf 88' lang='lat' dir='ltr'><strong>iniquius</strong></span> 
     </span>
     <span class='ocr_line' id='line_1_27' title="bbox 144 3067 1200 3153; baseline 0.002 -24"><span class='ocrx_word' id='word_1_226' title='bbox 144 3067 255 3130; x_wconf 83' lang='lat' dir='ltr'><strong>videar</strong></span> <span class='ocrx_word' id='word_1_227' title='bbox 277 3071 322 3132; x_wconf 87' lang='lat' dir='ltr'><strong>de</strong></span> <span class='ocrx_word' id='word_1_228' title='bbox 339 3074 378 3134; x_wconf 90' lang='lat' dir='ltr'><strong>iis</strong></span> <span class='ocrx_word' id='word_1_229' title='bbox 402 3075 557 3146; x_wconf 83' lang='lat' dir='ltr'><strong>statuisse,</strong></span> <span class='ocrx_word' id='word_1_230' title='bbox 580 3073 775 3144; x_wconf 86' lang='lat' dir='ltr'><strong>accedamus,</strong></span> <span class='ocrx_word' id='word_1_231' title='bbox 794 3081 830 3132; x_wconf 90' lang='lat' dir='ltr'><strong>et</strong></span> <span class='ocrx_word' id='word_1_232' title='bbox 851 3077 894 3134; x_wconf 88' lang='lat' dir='ltr'><strong>ita</strong></span> <span class='ocrx_word' id='word_1_233' title='bbox 918 3071 1053 3153; x_wconf 85' lang='lat' dir='ltr'><strong>quidem,</strong></span> <span class='ocrx_word' id='word_1_234' title='bbox 1075 3081 1111 3131; x_wconf 92' lang='lat' dir='ltr'><strong>ut</strong></span> <span class='ocrx_word' id='word_1_235' title='bbox 1125 3092 1200 3153; x_wconf 84' lang='lat' dir='ltr'><strong>pro·-</strong></span> 
     </span>
     <span class='ocr_line' id='line_1_28' title="bbox 146 3169 1198 3262; baseline 0.004 -32"><span class='ocrx_word' id='word_1_236' title='bbox 146 3169 222 3230; x_wconf 83' lang='lat' dir='ltr'><strong>fccti</strong></span> <span class='ocrx_word' id='word_1_237' title='bbox 244 3169 284 3230; x_wconf 87' lang='lat' dir='ltr'><strong>ab</strong></span> <span class='ocrx_word' id='word_1_238' title='bbox 307 3190 356 3244; x_wconf 85' lang='lat' dir='ltr'><strong>sa,</strong></span> <span class='ocrx_word' id='word_1_239' title='bbox 377 3189 470 3249; x_wconf 86' lang='lat' dir='ltr'><strong>quam</strong></span> <span class='ocrx_word' id='word_1_240' title='bbox 492 3172 594 3250; x_wconf 88' lang='lat' dir='ltr'><strong>primo</strong></span> <span class='ocrx_word' id='word_1_241' title='bbox 616 3169 691 3232; x_wconf 90' lang='lat' dir='ltr'><strong>loco</strong></span> <span class='ocrx_word' id='word_1_242' title='bbox 715 3173 890 3262; x_wconf 84' lang='lat' dir='ltr'><strong>nominavi,</strong></span> <span class='ocrx_word' id='word_1_243' title='bbox 913 3181 1085 3235; x_wconf 88' lang='lat' dir='ltr'><strong>ceterarum</strong></span> <span class='ocrx_word' id='word_1_244' title='bbox 1109 3169 1198 3234; x_wconf 84' lang='lat' dir='ltr'><strong>difle-</strong></span> 
     </span>
     <span class='ocr_line' id='line_1_29' title="bbox 144 3267 1200 3358; baseline 0.002 -24"><span class='ocrx_word' id='word_1_245' title='bbox 144 3270 263 3343; x_wconf 76' lang='lat' dir='ltr'><strong>nentias</strong></span> <span class='ocrx_word' id='word_1_246' title='bbox 287 3267 487 3338; x_wconf 70' lang='lat' dir='ltr'><strong>exhibeamus</strong></span> <span class='ocrx_word' id='word_1_247' title='bbox 511 3277 557 3345; x_wconf 74' lang='lat' dir='ltr'><strong>tl,</strong></span> <span class='ocrx_word' id='word_1_248' title='bbox 586 3268 672 3336; x_wconf 89' lang='lat' dir='ltr'><strong>unde</strong></span> <span class='ocrx_word' id='word_1_249' title='bbox 694 3290 840 3358; x_wconf 84' lang='lat' dir='ltr'><strong>quaeque</strong></span> <span class='ocrx_word' id='word_1_250' title='bbox 863 3279 933 3336; x_wconf 86' lang='lat' dir='ltr'><strong>orta</strong></span> <span class='ocrx_word' id='word_1_251' title='bbox 952 3273 1030 3349; x_wconf 88' lang='lat' dir='ltr'><strong>siut,</strong></span> <span class='ocrx_word' id='word_1_252' title='bbox 1050 3293 1200 3357; x_wconf 89' lang='lat' dir='ltr'><strong>perscru-</strong></span> 
     </span>
     <span class='ocr_line' id='line_1_30' title="bbox 145 3383 302 3438; baseline 0 0"><span class='ocrx_word' id='word_1_253' title='bbox 145 3383 258 3438; x_wconf 76' lang='lat' dir='ltr'><strong>tamur.</strong></span> <span class='ocrx_word' id='word_1_254' title='bbox 299 3421 302 3428; x_wconf 31' lang='grc' dir='ltr'><strong><em>ι</em></strong></span> 
     </span>
    </p>
   </div>
   <div class='ocr_carea' id='block_1_3' title="bbox 144 3590 1200 4017">
    <p class='ocr_par' dir='ltr' id='par_1_4' title="bbox 144 3590 1200 4017">
     <span class='ocr_line' id='line_1_31' title="bbox 216 3590 1191 3671; baseline 0.006 -25"><span class='ocrx_word' id='word_1_255' title='bbox 216 3591 260 3662; x_wconf 78' lang='lat'><strong>1).</strong></span> <span class='ocrx_word' id='word_1_256' title='bbox 275 3590 314 3648; x_wconf 83' lang='lat' dir='ltr'><strong>cf</strong></span> <span class='ocrx_word' id='word_1_257' title='bbox 327 3591 371 3648; x_wconf 75' lang='lat' dir='ltr'><strong>etl.</strong></span> <span class='ocrx_word' id='word_1_258' title='bbox 387 3590 480 3649; x_wconf 61' lang='lat' dir='ltr'><strong>Hunc.</strong></span> <span class='ocrx_word' id='word_1_259' title='bbox 493 3593 553 3650; x_wconf 67' lang='lat' dir='ltr'><strong>nol.</strong></span> <span class='ocrx_word' id='word_1_260' title='bbox 570 3594 591 3650; x_wconf 82' lang='lat' dir='ltr'><strong>l</strong></span> <span class='ocrx_word' id='word_1_261' title='bbox 609 3615 637 3671; x_wconf 87' lang='lat' dir='ltr'><strong>p.</strong></span> <span class='ocrx_word' id='word_1_262' title='bbox 656 3597 716 3652; x_wconf 78' lang='lat'><strong>155.</strong></span> <span class='ocrx_word' id='word_1_263' title='bbox 1185 3659 1191 3668; x_wconf 25' lang='grc' dir='ltr'><strong>Α</strong></span> 
     </span>
     <span class='ocr_line' id='line_1_32' title="bbox 152 3677 1199 3760; baseline 0.008 -30"><span class='ocrx_word' id='word_1_264' title='bbox 152 3739 155 3747; x_wconf 18' lang='grc' dir='ltr'><strong>Α</strong></span> <span class='ocrx_word' id='word_1_265' title='bbox 217 3677 252 3746; x_wconf 80' lang='lat'><strong>2)</strong></span> <span class='ocrx_word' id='word_1_266' title='bbox 279 3677 349 3752; x_wconf 61' lang='lat' dir='ltr'><strong>Non⁴</strong></span> <span class='ocrx_word' id='word_1_267' title='bbox 364 3677 455 3744; x_wconf 83' lang='lat' dir='ltr'><strong>fuisse.</strong></span> <span class='ocrx_word' id='word_1_268' title='bbox 468 3678 658 3754; x_wconf 77' lang='lat' dir='ltr'><strong>Suetonianam</strong></span> <span class='ocrx_word' id='word_1_269' title='bbox 679 3680 749 3738; x_wconf 88' lang='lat' dir='ltr'><strong>banc</strong></span> <span class='ocrx_word' id='word_1_270' title='bbox 766 3682 847 3738; x_wconf 84' lang='lat' dir='ltr'><strong>vitam</strong></span> <span class='ocrx_word' id='word_1_271' title='bbox 865 3681 989 3738; x_wconf 87' lang='lat' dir='ltr'><strong>concludi</strong></span> <span class='ocrx_word' id='word_1_272' title='bbox 1010 3691 1102 3760; x_wconf 87' lang='lat' dir='ltr'><strong>potcst</strong></span> <span class='ocrx_word' id='word_1_273' title='bbox 1120 3691 1147 3736; x_wconf 88' lang='lat' dir='ltr'><strong>et</strong></span> <span class='ocrx_word' id='word_1_274' title='bbox 1165 3701 1199 3738; x_wconf 84' lang='lat' dir='ltr'><strong>ex</strong></span> 
     </span>
     <span class='ocr_line' id='line_1_33' title="bbox 144 3761 1199 3846; baseline 0.002 -28"><span class='ocrx_word' id='word_1_275' title='bbox 144 3761 249 3832; x_wconf 87' lang='lat' dir='ltr'><strong>multis,</strong></span> <span class='ocrx_word' id='word_1_276' title='bbox 269 3785 336 3840; x_wconf 67' lang='lat' dir='ltr'><strong>quae,</strong></span> <span class='ocrx_word' id='word_1_277' title='bbox 355 3767 382 3820; x_wconf 90' lang='lat' dir='ltr'><strong>in</strong></span> <span class='ocrx_word' id='word_1_278' title='bbox 399 3785 431 3820; x_wconf 86' lang='lat' dir='ltr'><strong>ea</strong></span> <span class='ocrx_word' id='word_1_279' title='bbox 449 3765 636 3842; x_wconf 84' lang='lat' dir='ltr'><strong>relinquuntur</strong></span> <span class='ocrx_word' id='word_1_280' title='bbox 654 3769 755 3822; x_wconf 81' lang='lat' dir='ltr'><strong>incerta</strong></span> <span class='ocrx_word' id='word_1_281' title='bbox 773 3765 935 3838; x_wconf 86' lang='lat' dir='ltr'><strong>(„libertini</strong></span> <span class='ocrx_word' id='word_1_282' title='bbox 952 3765 1097 3846; x_wconf 83' lang='lat' dir='ltr'><strong>locupletis</strong></span> <span class='ocrx_word' id='word_1_283' title='bbox 1115 3769 1199 3822; x_wconf 86' lang='lat' dir='ltr'><strong>incer-</strong></span> 
     </span>
     <span class='ocr_line' id='line_1_34' title="bbox 145 3843 1200 3930; baseline 0.003 -28"><span class='ocrx_word' id='word_1_284' title='bbox 145 3857 223 3914; x_wconf 82' lang='lat' dir='ltr'><strong>„tum</strong></span> <span class='ocrx_word' id='word_1_285' title='bbox 247 3843 319 3906; x_wconf 87' lang='lat' dir='ltr'><strong>filius</strong></span> <span class='ocrx_word' id='word_1_286' title='bbox 343 3871 377 3906; x_wconf 89' lang='lat' dir='ltr'><strong>au</strong></span> <span class='ocrx_word' id='word_1_287' title='bbox 401 3848 579 3922; x_wconf 74' lang='lat' dir='ltr'><strong>alumnus“‘),</strong></span> <span class='ocrx_word' id='word_1_288' title='bbox 603 3853 630 3906; x_wconf 81' lang='lat' dir='ltr'><strong>el</strong></span> <span class='ocrx_word' id='word_1_289' title='bbox 648 3872 681 3908; x_wconf 84' lang='lat' dir='ltr'><strong>cx</strong></span> <span class='ocrx_word' id='word_1_290' title='bbox 699 3855 776 3929; x_wconf 81' lang='lat' dir='ltr'><strong>nugis</strong></span> <span class='ocrx_word' id='word_1_291' title='bbox 796 3849 968 3930; x_wconf 86' lang='lat' dir='ltr'><strong>quibusdam,</strong></span> <span class='ocrx_word' id='word_1_292' title='bbox 993 3873 1060 3930; x_wconf 83' lang='lat' dir='ltr'><strong>quae</strong></span> <span class='ocrx_word' id='word_1_293' title='bbox 1078 3853 1200 3908; x_wconf 78' lang='lat' dir='ltr'><strong>omniaa</strong></span> 
     </span>
     <span class='ocr_line' id='line_1_35' title="bbox 145 3931 1199 4017; baseline 0.005 -30"><span class='ocrx_word' id='word_1_294' title='bbox 145 3931 284 4005; x_wconf 85' lang='lat' dir='ltr'><strong>Suetonio,</strong></span> <span class='ocrx_word' id='word_1_295' title='bbox 304 3934 437 3993; x_wconf 86' lang='lat' dir='ltr'><strong>luvenalis</strong></span> <span class='ocrx_word' id='word_1_296' title='bbox 452 3935 564 4012; x_wconf 87' lang='lat' dir='ltr'><strong>aequali,</strong></span> <span class='ocrx_word' id='word_1_297' title='bbox 584 3958 638 3994; x_wconf 91' lang='lat' dir='ltr'><strong>non</strong></span> <span class='ocrx_word' id='word_1_298' title='bbox 655 3949 801 4017; x_wconf 84' lang='lat' dir='ltr'><strong>potuerunt</strong></span> <span class='ocrx_word' id='word_1_299' title='bbox 818 3937 965 4015; x_wconf 86' lang='lat' dir='ltr'><strong>proficisci.</strong></span> <span class='ocrx_word' id='word_1_300' title='bbox 993 3938 1120 3996; x_wconf 82' lang='lat' dir='ltr'><strong>Ceterum</strong></span> <span class='ocrx_word' id='word_1_301' title='bbox 1133 3935 1199 3993; x_wconf 89' lang='lat' dir='ltr'><strong>Sue·</strong></span> 
     </span>
    </p>
   </div>
   <div class='ocr_carea' id='block_1_4' title="bbox 144 4011 1199 4186">
    <p class='ocr_par' dir='ltr' id='par_1_5' title="bbox 144 4011 1199 4186">
     <span class='ocr_line' id='line_1_36' title="bbox 145 4011 1199 4105; baseline 0.009 -35"><span class='ocrx_word' id='word_1_302' title='bbox 145 4019 247 4075; x_wconf 79' lang='lat' dir='ltr'><strong>lonium</strong></span> <span class='ocrx_word' id='word_1_303' title='bbox 265 4040 407 4098; x_wconf 86' lang='lat' dir='ltr'><strong>numquam</strong></span> <span class='ocrx_word' id='word_1_304' title='bbox 424 4019 556 4080; x_wconf 75' lang='lat' dir='ltr'><strong>luvenalis</strong></span> <span class='ocrx_word' id='word_1_305' title='bbox 568 4027 650 4082; x_wconf 81' lang='lat' dir='ltr'><strong>vitam</strong></span> <span class='ocrx_word' id='word_1_306' title='bbox 669 4029 822 4105; x_wconf 84' lang='lat' dir='ltr'><strong>scripsisse,</strong></span> <span class='ocrx_word' id='word_1_307' title='bbox 841 4011 1093 4104; x_wconf 62' lang='lat' dir='ltr'><strong>probabile‘ssltem</strong></span> <span class='ocrx_word' id='word_1_308' title='bbox 1110 4022 1199 4081; x_wconf 80' lang='lat' dir='ltr'><strong>reddi-</strong></span> 
     </span>
     <span class='ocr_line' id='line_1_37' title="bbox 144 4101 640 4186; baseline 0.022 -29"><span class='ocrx_word' id='word_1_309' title='bbox 144 4101 185 4158; x_wconf 76' lang='lat' dir='ltr'><strong>dit</strong></span> <span class='ocrx_word' id='word_1_310' title='bbox 202 4102 347 4164; x_wconf 78' lang='lat' dir='ltr'><strong>Franckius</strong></span> <span class='ocrx_word' id='word_1_311' title='bbox 366 4107 401 4176; x_wconf 81' lang='lat' dir='ltr'><strong>(l.</strong></span> <span class='ocrx_word' id='word_1_312' title='bbox 421 4107 440 4168; x_wconf 83' lang='lat' dir='ltr'><strong>l.</strong></span> <span class='ocrx_word' id='word_1_313' title='bbox 460 4131 486 4186; x_wconf 91' lang='lat' dir='ltr'><strong>p.</strong></span> <span class='ocrx_word' id='word_1_314' title='bbox 499 4111 561 4165; x_wconf 83' lang='grc'><strong>8-</strong></span> <span class='ocrx_word' id='word_1_315' title='bbox 572 4114 640 4182; x_wconf 75' lang='lat' dir='ltr'><strong>lu).</strong></span> 
     </span>
    </p>
   </div>
   <div class='ocr_carea' id='block_1_5' title="bbox 883 4159 965 4264">
    <p class='ocr_par' dir='ltr' id='par_1_6' title="bbox 883 4159 965 4264">
     <span class='ocr_line' id='line_1_38' title="bbox 883 4159 965 4264; baseline 0 0"><span class='ocrx_word' id='word_1_316' title='bbox 883 4159 965 4264; x_wconf 70' lang='lat' dir='ltr'><strong>ss</strong></span> 
     </span>
    </p>
   </div>
   <div class='ocr_carea' id='block_1_6' title="bbox 0 0 1496 4700">
    <p class='ocr_par' dir='ltr' id='par_1_7' title="bbox 0 0 1496 4700">
     <span class='ocr_line' id='line_1_39' title="bbox 0 0 1496 4700; baseline 0 0"><span class='ocrx_word' id='word_1_317' title='bbox 0 0 1496 4700; x_wconf 95' lang='lat' dir='ltr'><strong> </strong></span> 
     </span>
    </p>
   </div>
  </div>
 </body>
</html>
