2980 4700
238 317 325 390 ‘78

275 505 335 587 qui,
358 519 486 585 quaeso,
509 485 682 563 cohaerent
697 499 814 564 fictiles
831 497 953 586 phaseli
970 499 1148 588 brevesque
1163 510 1241 571 remi
1259 527 1330 572 cum

272 606 464 668 immanitate
487 625 525 666 ac
545 603 634 668 rabie
657 605 909 691 Aegyptiorum?
953 604 1004 668 An
1034 605 1167 671 forsitan
1195 610 1332 676 dissimi-

271 707 348 773 li'um
370 731 475 773 rerum
493 709 720 794 conjunctione
737 730 779 774 eo
801 711 953 794 majorem
975 719 1093 774 motum
1115 713 1148 774 iu
1169 711 1329 778 lectorum

271 814 384 878 animis
414 825 482 878 erat
511 817 715 891 excitaturus,
744 812 861 877 ultimis
883 813 931 877 bis
954 799 1060 878 verbis¹
1081 813 1243 879 mollitiem
1266 838 1326 880 no·
1471 885 1472 896 ,

181 987 186 994 .
273 925 343 980 tans
373 927 405 981 et
431 917 678 982 imbecillitatem
707 903 844 980 illorum*
864 915 1077 1001 populorum?
1121 919 1264 1002 Rupertii
1294 932 1327 983 et

271 1021 446 1083 Heinricbii
468 1021 548 1084 baec
570 1032 618 1086 est
640 1022 815 1092 sententiar
836 1018 981 1102 equidem
1004 1043 1082 1084 vero
1106 1021 1271 1086 mollitiem
1294 1025 1330 1086 iu

272 1143 327 1201 ec,
356 1122 442 1208 quod
465 1123 616 1189 fictilibus
638 1126 773 1211 navigiis
795 1120 1009 1207 brevibusque
1032 1124 1204 1189 utebantur
1225 1129 1329 1206 remia,

269 1229 429 1312 perspicio
459 1227 595 1307 nullam,
623 1227 681 1292 sed
703 1219 883 1314 navigandi
899 1237 1011 1306 artem,
1041 1251 1101 1314 qua
1126 1231 1258 1294 omnino
1280 1233 1329 1294 in-

271 1331 377 1416 signes
402 1340 493 1395 erant
514 1333 676 1418 Aegyptii.
721 1330 758 1396 Id
780 1333 876 1417 igitur
898 1341 1001 1394 utrum
1024 1335 1057 1394 in
1079 1343 1184 1398 mente
1207 1333 1328 1398 babue-

269 1435 312 1496 rit
331 1444 438 1519 poeta,
461 1437 578 1510 nescio,
601 1455 704 1517 neque
729 1455 766 1497 ex
787 1433 835 1494 bis
850 1432 958 1520 verbis
969 1453 1096 1516 possum
1113 1434 1324 1508 concludere;

271 1537 298 1598 si
320 1536 443 1614 babuit,
471 1535 609 1600 absurde
633 1539 712 1622 egit,
742 1557 836 1621 quum
859 1543 913 1598 aut
934 1532 1021 1598 aliud
1043 1536 1178 1620 quodvis
1202 1537 1326 1624 eligere

268 1637 381 1704 liceret
401 1639 547 1704 mollitiei
568 1637 727 1718 indicium,
756 1647 818 1717 aut,
845 1639 907 1702 boc
928 1641 1001 1721 ipso
1024 1648 1159 1716 retento,
1183 1643 1325 1724 apertius

269 1741 367 1828 loqui.
413 1743 455 1808 At
477 1749 523 1808 sic
546 1747 639 1808 etiam
662 1763 791 1821 vereor,
820 1764 862 1806 ne
890 1741 1008 1806 bonam
1031 1741 1228 1806 voluntatem
1252 1743 1327 1808 sub

269 1849 360 1912 iciam
389 1851 550 1934 scriptori,
579 1851 633 1934 qui
656 1846 734 1912 nibil
756 1846 891 1910 fortasse
914 1848 1116 1930 quaesiverit,
1147 1869 1241 1931 quam
1269 1846 1328 1910 do·
1354 1869 1361 1875 ·

269 1952 613 2039 ctam-aegyptiam
642 1953 779 2015 nominis
809 1951 1040 2028 circuitionem,
1069 1952 1207 2034 ineptam
1237 1953 1326 2014 inve-

268 2054 359 2117 nerit‘.

350 2154 436 2220 aliis
459 2155 644 2242 quibusdam
668 2157 757 2235 lorir,
779 2155 834 2220 ubi
853 2153 894 2220 de
910 2157 1062 2243 Aegypto
1084 2157 1234 2242 loquitur,
1257 2179 1327 2224 non

268 2249 363 2323 valde
386 2282 498 2325 curans
522 2283 626 2326 rerum
649 2264 828 2338 veritatem,
857 2270 906 2323 tot
928 2259 1007 2324 falsa
1028 2259 1174 2347 protulit,
1204 2271 1238 2324 ut
1260 2284 1326 2325 me-

225 2416 227 2421 .
267 2363 330 2424 rito
346 2367 414 2425 'iam
436 2367 541 2446 possis
561 2363 720 2441 dubitare,
746 2367 913 2448 numipse
936 2366 1018 2430 banc
1040 2377 1153 2430 terram
1176 2389 1324 2450 umquam

267 2461 391 2524 viderit.
438 2462 544 2544 Quum
569 2467 652 2524 enirn
675 2468 806 2548 incipiat
829 2484 967 2529 carmen:

373 2566 442 2628 Quis
460 2568 557 2634 nescit,
577 2567 675 2617 Volusi
693 2567 844 2635 Bithynice,
864 2571 955 2632 qualia
973 2575 1085 2624 demens
1112 2590 1123 2615 s

372 2656 516 2718 Aegyptus
534 2658 662 2718 portenta
680 2648 774 2705 colati
811 2653 976 2706 crocodilon
995 2659 1091 2709 adorat

371 2742 440 2791 Pars
459 2743 540 2804 taec;
563 2735 614 2790 illa
631 2745 714 2802 paret
733 2745 853 2792 saturam
872 2744 1044 2804 serpentibus
1062 2744 1126 2796 ibin.

372 2823 487 2890 Effigies
505 2825 579 2876 sacri
596 2825 666 2875 nitet
685 2839 769 2878 aurea
788 2829 982 2894 cercopitheci,

303 2907 338 2976 5)
373 2912 490 2970 Dimidio,
511 2911 635 2974 magicae
653 2917 784 2962 resonant
802 2915 848 2962 ubi
866 2917 1011 2964 Memnone
1030 2917 1146 2964 chordae

372 3000 461 3062 Atque
479 3001 559 3047 vetus
577 2999 667 3048 Thebe
686 3000 794 3048 centum
812 2996 885 3047 iacet
903 2999 999 3048 obruta
1017 2999 1112 3062 portis.

373 3083 435 3134 litic
453 3085 563 3138 aeluros
577 3079 612 3149 ¹),
631 3084 674 3136 uic
692 3083 793 3146 piscem
812 3080 938 3148 fluminis,
957 3083 1014 3134 illic

374 3169 478 3233 Oppida
496 3173 555 3220 tcta
573 3182 669 3222 canem
687 3174 862 3234 venerantur,
881 3182 960 3236 nemo
979 3169 1100 3222 Dianam.

266 3264 303 3319 ut
323 3261 527 3337 praeteream,
551 3251 639 3337 quod
657 3260 732 3336 post
750 3251 994 3328 crocodilorum,
1016 3254 1181 3330 simiarum,
1202 3250 1323 3332 lelium,

265 3357 407 3442 piscium,
430 3375 551 3432 canum,
574 3376 654 3440 quos
678 3354 832 3442 Aegyptii
854 3355 1021 3432 coluerint,
1049 3360 1324 3421 commemoratio-

337 3616 372 3683 1)
394 3613 467 3671 Dedi
484 3635 508 3671 v.
524 3617 548 3670 7.
572 3613 725 3684 „aeluros“
744 3635 778 3672 ex
799 3619 953 3673 coniectura
969 3613 1087 3673 'Brcdaei
1111 3626 1138 3673 et
1155 3615 1188 3674 Η.
1207 3615 1321 3688 Valerii,

265 3715 346 3777 quum
367 3698 432 3756 libri
456 3719 548 3758 omnes
571 3699 688 3758 babeant
709 3701 774 3770 „illi
797 3702 959 3758 caeruleos“
976 3701 1021 3759 vel
1044 3700 1124 3770 „illic
1147 3702 1320 3760 esemleos‘t
1471 3769 1472 3778 ,

264 3785 369 3845 Vereor
389 3789 472 3856 enim,
496 3799 526 3845 ut
542 3786 598 3844 dici
615 3789 705 3866 possit
723 3785 907 3854 ‚,caerulecs“
925 3807 976 3865 pra
994 3788 1116 3866 piscibus
1133 3790 1254 3854 marinis,
1279 3790 1319 3845 ita
1423 3790 1426 3796 '
1471 3783 1472 3806 ²

265 3883 295 3929 ut
311 3873 429 3930 lluminis
447 3874 569 3951 piscibus
588 3879 768 3952 opponantur,
787 3872 859 3948 qnod
871 3871 1015 3930 voluerunt
1027 3872 1147 3930 nonnuli.
1175 3871 1320 3930 Praeterea
1409 3877 1413 3889 '

263 3975 395 4032 nusquam
412 3958 549 4034 proditum
561 3971 612 4028 est,
624 3959 775 4036 Aegyptios
792 3961 910 4015 marines
927 3963 1018 4038 pisces
1037 3977 1097 4014 esse
1109 3967 1268 4026 vanescas,
1279 3958 1319 4015 le·

263 4042 305 4098 les
324 4049 412 4097 autem
429 4043 549 4100 coluisse
565 4041 631 4099 deos
649 4052 762 4098 narrant
768 4041 868 4100 Herod
881 4045 913 4100 n.
925 4048 969 4101 us.
981 4044 1052 4101 risa
1071 4041 1328 4102 dotatissima·

264 4144 291 4199 p.
303 4128 365 4180 376.
384 4127 528 4200 ceterique,
547 4147 615 4201 quos
633 4127 746 4201 Rupert.
765 4126 863 4184 laudat.
