2980 4700
278 369 326 442 70

280 557 328 620 bie
351 554 502 630 referunt,
525 556 586 618 nisi
609 551 706 639 quod,
728 575 823 638 quum
838 557 870 617 in
885 553 983 639 prima
999 555 1063 618 vita
1079 556 1259 638 imperator,
1280 559 1338 640 qni

279 655 437 742 expulerit
464 657 664 738 Iuvenalem,
698 659 878 721 nominatus
909 677 976 719 non
1007 666 1103 737 esset,
1139 656 1190 720 alii
1226 662 1336 744 inepte

280 762 374 824 etiam
403 760 486 824 hanc
513 782 579 825 rem
609 759 650 824 ad
679 763 843 830 Neronem
872 759 1063 839 retulerunt,
1095 759 1162 841 alii,
1189 765 1242 846 qui
1272 762 1337 826 hoc

280 863 351 930 fieri
368 884 435 929 non
452 885 549 950 posse
563 864 803 952 intellegebant,
826 864 920 929 alium
936 867 1158 949 imperatorem
1174 867 1335 950 quaesive-

281 977 356 1033 runt
378 977 411 1033 et
432 971 526 1032 variis
551 966 591 1032 de
613 990 651 1031 ee
673 989 710 1031 re
733 971 925 1032 coniecturis
947 968 1157 1032 indulserunt.
1197 968 1251 1030 Sic
1268 969 1335 1032 Ne·
1405 1040 1408 1052 Ι

280 1075 368 1136 ronis
391 1091 508 1135 nomen
525 1063 661 1134 'retinuit
683 1072 749 1132 vit.
773 1071 818 1132 2:
846 1071 962 1148 „Fecit
988 1071 1142 1154 quosdam
1165 1093 1275 1136 versus
1302 1073 1339 1134 in

281 1173 449 1252 „Pandam
472 1175 715 1251 pantomimum,
746 1176 799 1258 qui
824 1181 902 1237 tunc
924 1177 1077 1260 temporis
1100 1173 1250 1254 (Claudii
1271 1175 1339 1238 Ne-

282 1279 400 1355 „ronis
422 1297 494 1342 uam
515 1281 544 1341 is
566 1276 666 1361 paulo
687 1284 763 1341 aute
786 1287 855 1341 erat
876 1281 1078 1360 nominatus)
1097 1277 1183 1364 apud
1205 1280 1340 1363 impera-

281 1392 406 1459 „torem
428 1379 597 1467 plurimum
619 1391 754 1466 poterat.
806 1383 875 1444 Hac
897 1381 937 1444 de
961 1403 1055 1444 causa
1076 1385 1250 1444 venitin
1274 1403 1339 1444 su·

281 1488 545 1570 „spicionem,
576 1488 692 1568 quasi
721 1486 810 1546 istius
837 1493 1017 1565 tempora
1041 1491 1234 1546 notasset.
1280 1481 1337 1544 Sic

282 1586 474 1665 „obtentu
502 1585 673 1651 militiae
702 1583 812 1672 pulsus
842 1584 921 1649 urbe
951 1589 1034 1647 etc.“
1082 1581 1206 1648 Eodem
1234 1584 1335 1648 modo

280 1693 347 1753 uit.
377 1691 422 1752 5.:
455 1689 691 1774 „Temporibus
720 1687 850 1754 Claudii
879 1690 1019 1752 Neronis
1047 1689 1247 1774 imperatoris
1273 1691 1338 1773 pri-

282 1813 449 1878 „mumque
470 1796 504 1857 in
526 1791 672 1858 Paridem
694 1796 922 1878 pantomimum
944 1791 1152 1876 imperatoris,
1176 1795 1230 1877 qui
1252 1792 1338 1855 lau-

281 1906 416 1975 „tores
439 1896 557 1962 multos
580 1896 719 1962 habebat
739 1895 799 1959 lios
822 1916 937 1960 versus
956 1893 1057 1958 edidit
1084 1894 1227 1980 „Quod
1256 1915 1337 1960 non

280 1999 402 2078 „daut
422 2023 632 2085 proceres,
662 2000 774 2063 dabit
797 2001 984 2076 lristrio‚“
1007 2007 1142 2083 propter
1164 2019 1244 2083 quos
1266 2021 1338 2063 ver·

280 2123 356 2180 „sus
378 2103 508 2186 publice
531 2104 570 2166 ab
581 2107 783 2188 imperatore
800 2102 965 2167 damnatus
982 2110 1014 2164 et
1031 2100 1109 2163 urbe
1130 2100 1241 2184 pulsus
1259 2109 1337 2166 est“

280 2207 654 2271 Domitianumintrnsit-
668 2211 738 2270 vait
754 2208 801 2272 3.:
823 2207 999 2286 „Extremis
1014 2204 1190 2267 Domitiani
1213 2214 1337 2290 tempo-

281 2307 390 2388 „ribus
409 2314 526 2376 missus
548 2313 582 2374 iu
606 2311 730 2376 exilium
754 2321 901 2397 expertus
925 2318 980 2387 est,
1003 2308 1151 2393 quantuni
1175 2311 1268 2373 unius
1290 2309 1337 2372 hi-

281 2415 432 2488 ;,strionis
455 2416 500 2475 ira
516 2413 663 2493 valeret‚“
679 2417 848 2479 Traianum
871 2418 939 2478 rit.
955 2413 1001 2476 l.:
1022 2415 1077 2490 „ln
1091 2411 1237 2476 Paridem
1259 2433 1338 2498 pan-

239 2591 245 2600 .
281 2513 473 2590 „tomimum
497 2517 605 2596 quiin
628 2514 794 2577 deliciis
817 2515 902 2600 apud
919 2518 1091 2579 Traianum
1112 2519 1336 2600 imperatorem

281 2611 494 2690 ‚‚l1abebatur‚
522 2617 624 2698 primo
649 2620 785 2680 carmina
809 2617 1034 2700 edidit,‚quae
1063 2626 1177 2702 postea
1204 2623 1338 2686 inseruit

280 2718 335 2795 „iu
359 2723 428 2780 earu
450 2721 590 2781 satiram:
613 2721 686 2798 „Et
708 2740 801 2806 spes
826 2731 864 2784 et
886 2723 1017 2783 ratio“

322 2847 324 2852 '
386 2849 464 2909 Quod
483 2859 535 2898 nou
555 2849 620 2899 dant
637 2861 782 2918 proceres,
802 2849 875 2902 dabit
892 2850 1000 2902 histrio:
1021 2855 1052 2901 tu
1069 2847 1229 2904 camerinos

385 2935 422 2984 nt
438 2937 554 3002 Bareas,
574 2937 604 2985 tu
622 2934 750 2985 nobilium
767 2947 867 3000 magua
884 2937 955 2986 atria
972 2949 1062 2986 curus.

329 3075 332 3082 ,
385 3021 546 3074 Praefectos
563 3021 684 3083 Pelopea
701 3018 784 3084 facit,
802 3019 953 3072 Philomela
969 3020 1101 3070 tribunos.

280 3127 417 3213 „quibus
434 3129 590 3192 Traianus
612 3126 804 3213 intellegens
826 3128 901 3191 vitia
924 3127 1010 3210 carpi
1031 3127 1082 3188 sui
1102 3126 1264 3210 temporis,
1284 3128 1332 3190 ira

279 3235 442 3318 „percitus
470 3242 687 3318 praetextu
713 3231 883 3295 honoris
906 3230 969 3294 hoc
991 3227 1088 3293 modo
1111 3237 1229 3315 poetae
1250 3250 1334 3295 mor-

279 3338 341 3414 „tis
362 3335 568 3400 instruendae
592 3337 862 3421 opportunitatem
884 3335 1014 3398 invenit.
1038 3334 1129 3398 Fecit
1151 3355 1221 3398 euru
1244 3355 1334 3419 prae·

280 3437 418 3516 „fectum
448 3435 580 3500 militum
611 3448 644 3502 et
672 3461 701 3521 q.
731 3459 799 3522 sqq.
807 3443 824 3471 “
872 3438 948 3501 Pars
984 3438 1075 3501 liuius
1106 3438 1191 3500 vitae
1226 3445 1333 3519 poste·

278 3542 346 3604 rior
374 3537 465 3602 aliter
494 3536 611 3624 legitur
639 3543 671 3603 in
701 3536 813 3603 codice
839 3538 975 3624 quodam
999 3539 1248 3618 Mediolanensi,
1276 3540 1333 3604 ubi

220 3667 225 3677 “
279 3643 557 3728 lepidus,nescio
581 3643 665 3728 quis,
694 3642 853 3723 librarius,
884 3665 922 3708 ex
947 3647 1025 3730 ipsis
1047 3641 1206 3708 luvenalis
1228 3641 1333 3708 verbis

280 3750 553 3833 opportunitatem
577 3746 697 3811 facetiis
721 3751 785 3811 suis
807 3746 997 3834 indulgendi
1019 3757 1139 3827 nactus,
1160 3748 1239 3811 haec
1260 3750 1334 3810 scri-

278 3853 355 3936 psit:
385 3849 465 3932 „sed
488 3859 592 3915 tamen
615 3849 714 3937 paulo
737 3859 813 3938 post
835 3854 1062 3937 (imperator),
1084 3860 1120 3914 ul
1141 3853 1249 3925 sciret,
1274 3848 1333 3912 iral

280 3963 366 4030 „tum
398 3955 460 4020 sibi
489 3975 559 4018 esse
588 3957 778 4041 principem,
807 3957 839 4017 in
869 3953 1023 4018 codicillis
1051 3955 1115 4014 suis
1143 3950 1183 4013 ad
1206 3972 1276 4015 eum
1299 3955 1332 4017 in

280 4059 473 4131 „exmcitum
497 4056 657 4122 mittendis
679 4058 813 4122 inseruit
840 4057 914 4133 „Et
936 4065 973 4118 te
995 4052 1220 4120 Philomela
1242 4077 1332 4142 pro·

280 4159 452 4233 ,‚movit“
