2980 4700
1189 330 1326 402 85-

186 525 381 580 seuectutem
405 512 543 577 conferri
565 535 662 598 posse
685 512 827 578 arbitrati
850 522 936 590 sunt,
964 515 1048 578 inter
1070 532 1151 598 quos
1174 531 1240 576 onr-

185 621 271 683 nium
286 622 384 683 instar
398 615 557 680 Orellium
571 620 712 694 nomino,
736 619 789 701 qui
813 625 1030 702 argumentum
1052 615 1131 679 illud
1150 637 1240 702 egre·

185 725 277 808 gium,
299 725 332 785 iu
356 717 489 804 singulis
512 727 617 781 autem
639 717 737 782 multa
760 720 861 782 minus
885 717 1043 804 elegantia
1065 739 1168 802 neque
1191 740 1239 782 aa·

184 829 223 887 tis
252 824 393 909 perlecta
421 831 520 905 putat.
567 820 666 905 Quod
693 824 719 883 si
742 819 782 884 de
805 823 937 908 egregio
964 820 1021 884 illo
1050 833 1236 906 argumento

184 929 371 990 sententiam
395 945 494 987 meam
516 928 550 987 in
570 923 727 1010 prioribus
749 925 810 986 iam
832 926 1001 1010 perspicue
1024 946 1074 988 me
1096 944 1238 1008 pronun-

183 1031 278 1091 tiasse
301 1027 432 1092 credere
454 1048 597 1111 possum,
624 1025 765 1114 singulas
787 1031 862 1090 istas
885 1029 1019 1112 ineptias
1042 1047 1108 1090 non
1132 1048 1170 1090 ex
1191 1029 1238 1089 in-

183 1134 280 1218 genio
311 1134 474 1218 octoginta
503 1150 657 1194 annorum
684 1139 787 1193 aetate
809 1131 978 1194 hebefacto
1001 1140 1095 1216 atque
1119 1130 1236 1194 obtuso

183 1224 343 1320 prolectas
368 1255 445 1311 csse,
471 1256 508 1297 ex
531 1243 607 1311 tota,
636 1236 662 1296 si
686 1232 761 1318 quid
783 1233 899 1310 iudice,
930 1235 1072 1296 carminis
1097 1232 1237 1296 dictione

184 1336 321 1401 dilucide
343 1337 503 1421 planeque
526 1347 665 1422 apparet.
700 1336 812 1399 Sermo
832 1340 912 1400 enim
935 1339 1119 1413 concitatus
1142 1337 1237 1398 vebe-

182 1461 279 1518 mens,
302 1440 448 1526 flagrans,
469 1443 615 1504 iuvenem
630 1441 721 1524 sapit,
740 1460 808 1503 non
823 1442 1077 1525 octogenariumt
1101 1438 1156 1502 ubi
1170 1436 1237 1502 lant

181 1553 268 1630 guet,
296 1563 363 1606 non
386 1545 469 1605 vires
492 1546 647 1606 cernimus
670 1545 847 1607 imminutas
870 1564 907 1605 ac
930 1540 1117 1620 debilitatae,
1140 1539 1236 1605 lacul-
1275 1601 1277 1604 ,

182 1655 276 1709 tatem
300 1642 514 1709 desideramus
537 1649 761 1730 poeticumque
783 1649 959 1732 ingenium,
988 1645 1077 1730 quod
1098 1666 1235 1732 negave-
1248 1675 1267 1688 ⁴

181 1759 231 1812 rat
253 1757 365 1811 natura
388 1747 481 1812 buius
498 1751 648 1822 ¹,carminis
670 1752 830 1834 scriptori;
860 1759 971 1834 peccat
992 1753 1133 1835 saepius,
1162 1751 1235 1832 quia

183 1850 314 1929 excedit,
333 1872 424 1935 quam
441 1853 512 1934 quia
528 1872 595 1914 non
611 1855 787 1935 assequitur
801 1855 873 1914 iusti
889 1851 1053 1936 pulcrique
1068 1872 1220 1914 normam.

270 1954 364 2045 Quae
380 1956 486 2016 omnia
502 1976 595 2039 quum
610 1953 748 2038 probent
762 1956 898 2037 spuriam
916 1975 985 2016 esse
1003 1954 1084 2017 hanc
1101 1957 1234 2032 satiram,

181 2061 208 2120 si
230 2059 291 2120 iam
316 2079 355 2121 eo
378 2060 508 2120 nomine
531 2061 576 2122 uti
599 2056 680 2135 licet,
704 2047 879 2142 ceterisque
901 2057 1060 2121 luvenalis
1078 2057 1234 2144 ,operibus

181 2159 352 2246 indignam,
373 2182 441 2224 non
464 2160 538 2224 ideo
562 2161 792 2224 recentioribus
814 2161 1011 2244 temporibus
1034 2159 1234 2225 tribuendam

181 2262 252 2340 dixi,
278 2263 390 2326 sedin
413 2267 484 2347 ipso
506 2265 660 2342 sermonis
684 2261 795 2325 colore
818 2248 1034 2346 antiquitatem
1058 2283 1233 2348 agnoscere

181 2367 255 2430 mihi
271 2368 357 2429 visus
379 2387 456 2428 sum.
491 2363 704 2450 Quapropter,
727 2364 801 2450 quid
818 2364 925 2428 obstet
939 2386 1006 2429 non
1022 2368 1134 2443 sentio,
1157 2386 1235 2451 quo-

181 2471 282 2532 minus
306 2467 464 2532 luvenalis
487 2471 583 2532 aetati
605 2491 672 2532 eam
696 2468 867 2555 adsignem,
890 2459 930 2532 ad
948 2491 1040 2554 quam
1057 2469 1139 2533 lunii
1157 2490 1234 2553 quo-

181 2594 242 2656 que
266 2573 407 2652 (Rustici
431 2593 495 2636 cos.
520 2593 548 2635 a.
572 2569 603 2636 uJ
624 2573 720 2654 872.)
745 2569 1002 2637 commemoratio
1021 2576 1108 2635 viros
1132 2570 1235 2636 erudi·

181 2686 232 2740 tos
256 2697 388 2740 vocasse
412 2676 550 2751 videtum
580 2674 638 2739 sed
659 2698 782 2752 vereor,
805 2699 845 2738 ne
868 2697 1020 2761 perquam
1042 2678 1164 2763 incerto
1187 2695 1234 2736 ar·

181 2789 334 2862 gumento
358 2779 482 2838 nimiam
506 2777 647 2839 tribuant
669 2780 900 2852 auctoritatem,
924 2799 1017 2861 quum
1040 2797 1106 2838 non
1129 2775 1233 2841 solum

181 2878 272 2942 multi
295 2878 367 2941 libri
389 2899 462 2940 mss.
485 2898 545 2963 pro
562 2877 698 2964 vulgata·
711 2876 849 2942 lectione
866 2881 1049 2963 scripturam
1068 2879 1234 2944 exhibeant

180 2981 336 3061 „consule
358 2981 457 3045 lunco
472 2981 529 3061 ¹)“,
555 3003 647 3066 quam
669 2981 766 3046 video
790 2985 1005 3068 antiquissimo
1029 3004 1155 3068 quoque
1177 3005 1233 3068 pa-

181 3087 344 3172 limpsesto
368 3085 421 3162 (ci.
445 3084 507 3148 tab.
532 3095 594 3146 ant.
618 3085 682 3147 vol.
706 3085 759 3147 lll.
783 3095 864 3148 auct.
888 3083 978 3148 class.
1001 3084 1052 3148 ed.
1076 3085 1125 3148 ab.
1149 3087 1231 3172 Aug.

252 3362 285 3431 1)
308 3359 451 3417 Aemilium
469 3361 587 3430 luneum,
606 3361 748 3419 Commodi
766 3363 933 3440 temporibus
952 3384 975 3418 a.
988 3383 1014 3418 u.
1026 3363 1087 3418 935.
1106 3382 1161 3419 cos.
1179 3362 1233 3426 sul-

180 3447 279 3504 lectum
302 3446 386 3503 fuisse
409 3468 424 3503 e
446 3447 523 3503 lastis
545 3458 666 3516 constat,
690 3447 739 3516 (cl.
765 3447 827 3523 Ulp.
852 3448 913 3522 Dig.
937 3447 968 3505 L.
990 3447 1047 3506 XL.
1073 3451 1115 3504 tit.
1133 3445 1166 3516 V,
1188 3451 1232 3503 28.

181 3535 203 3602 §.
223 3537 247 3588 4.
266 3533 402 3610 Lamprid.
427 3535 454 3588 in
474 3533 613 3590 Commod.
638 3554 659 3590 c.
678 3535 723 3603 l.)
746 3555 824 3611 quem
846 3544 934 3590 tamen
959 3534 1020 3591 ideo
1042 3556 1097 3591 non
1120 3535 1232 3590 dixerim

181 3617 232 3672 boe
251 3617 383 3674 luvenalis
401 3618 463 3675 loco
482 3619 659 3694 significatum
677 3639 750 3692 esee;
770 3642 831 3676 uam
849 3631 960 3699 propter
978 3621 1103 3676 consules
1121 3622 1232 3696 impera·

180 3713 269 3758 torum
280 3705 452 3781 temporibus
463 3707 556 3762 crebro
576 3705 704 3763 suffectos
722 3727 776 3763 non
795 3710 911 3764 omnium
929 3709 1036 3763 nomina
1054 3705 1088 3760 ad
1105 3724 1155 3760 nos
1173 3725 1232 3782 per·

180 3789 289 3844 venisse
302 3790 450 3866 putandum
464 3801 513 3847 est.
541 3790 617 3848 Nihil
634 3803 721 3849 autem
739 3793 885 3868 refragatur
903 3793 965 3848 buic
983 3793 1141 3868 scripturae,
1160 3789 1232 3866 quod

181 3873 278 3930 leucus
294 3876 390 3932 consul
405 3897 459 3933 non
474 3877 633 3946 ordinarius,
648 3879 697 3935 sed
711 3880 839 3936 suffectus
855 3887 958 3933 tantum
970 3887 1034 3945 erat,
1048 3897 1128 3953 quum
1140 3875 1233 3931 eodem

181 3961 261 4015 modo
280 3963 386 4019 suffecti
405 3963 523 4020 consulis
543 3966 650 4020 nominc
668 3975 773 4043 tempus
793 3963 910 4019 describi
929 3965 1061 4040 potuisse,
1084 3971 1111 4017 et
1133 3983 1182 4038 per
1202 3981 1232 4018 se

183 4046 234 4100 iam
253 4047 393 4122 probabile
411 4052 456 4118 sit,
475 4060 502 4105 et
520 4049 643 4127 pluribus
661 4061 779 4107 veterum
799 4050 959 4127 scriptorum
977 4049 1046 4106 locis
1063 4047 1235 4106 confirmetur

183 4129 235 4200 (cl.
255 4130 319 4209 Ulp.
339 4133 399 4208 Dig.
419 4133 439 4190 l.
455 4135 472 4190 l
491 4135 528 4192 id.
547 4137 607 4212 Dig.
627 4135 663 4193 L:
677 4137 762 4193 XXX.
782 4139 820 4192 tit.
841 4136 860 4193 l.
880 4137 963 4206 init).
