2980 4700
1177 357 1222 426 11

170 533 293 614 iudicia,
317 557 397 620 quae
420 537 623 623 protulerunt
645 536 688 602 de
708 536 768 599 hac
790 534 930 601 editione
946 536 987 602 G.
1004 538 1041 602 E.
1053 536 1184 602 Weber
1196 539 1223 619 ¹)

172 648 203 704 et
223 639 301 702 labn
317 640 359 719 ²).
406 640 488 704 Mihi
517 639 643 724 quidem
669 660 854 724 persuasum
878 650 940 718 est,
968 640 1067 704 multo
1091 641 1224 708 meliora

55 791 57 794 .
169 745 389 827 praestiturum
413 743 510 807 luisse
525 743 751 820 Heinrichium,
774 745 800 804 si
822 763 946 821 novam,
970 767 1061 828 quam
1086 746 1223 824 curabat,

171 843 342 909 editionem
365 849 442 931 ipse·
456 847 614 930 potuisset
636 843 809 920 conficere3
833 841 891 908 sed
910 867 1004 929 quum
1025 859 1224 931 praematura

171 952 262 1033 operi
285 968 344 1012 suo
368 947 517 1034 abreptus
540 952 581 1012 sit
596 957 712 1026 morte,
735 969 849 1034 magna
866 958 950 1011 certe
969 959 1114 1034 exparte
1131 951 1223 1036 culpa

172 1072 281 1115 eorum
305 1061 366 1128 est,
396 1053 449 1135 qui
471 1054 587 1137 scripta
611 1053 677 1115 eius
701 1055 879 1115 emiserunt.
926 1051 1029 1116 Aliter
1052 1043 1134 1117 enim
1157 1076 1225 1117 non

170 1164 277 1240 potest
301 1157 455 1232 excusari,
485 1153 572 1239 quod
595 1157 649 1239 qui
671 1153 770 1240 longe
792 1157 933 1219 omnium
955 1161 1223 1241 praestantissime

170 1259 332 1343 scripserit
359 1256 399 1318 de
429 1259 592 1320 satirarum
613 1255 741 1338 ¹illarum
765 1255 976 1341 explicatione
997 1263 1032 1323 in
1053 1261 1117 1324 hoc
1138 1261 1223 1325 libro
1242 1299 1243 1302 κ

169 1380 299 1446 prorsus
322 1361 363 1422 sit
384 1356 565 1446 neglectus,
589 1359 660 1422 dico
683 1358 894 1446 Madvigium,
920 1365 1007 1425 cuius
1031 1369 1160 1450 egregia
1184 1365 1224 1428 de

169 1462 321 1528 Iuvenale
343 1466 453 1526 merita
476 1467 537 1526 iam
560 1466 757 1549 perspexisse
782 1461 920 1527 debebat
941 1465 1152 1529 Heinrichius.
1186 1467 1224 1529 Iu

171 1566 291 1631 duabus
315 1569 398 1630 enim
421 1566 483 1630 illis
508 1567 548 1631 de
571 1565 650 1630 locis
674 1565 795 1652 aliquot
816 1566 1063 1653 interpretandis
1086 1566 1225 1654 disputa-

169 1669 318 1749 tionibus,
341 1691 469 1753 quarum
493 1670 591 1734 altera
614 1673 648 1733 in
670 1669 772 1735 lucem
795 1671 915 1756 prodiit
938 1694 964 1734 a.
989 1674 1081 1750 1830,
1103 1675 1136 1734 iu
1150 1693 1225 1756 pro-

170 1783 340 1861 grammate
362 1776 575 1838 universitatis
594 1775 785 1839 Hauniensis
808 1779 984 1860 iterumque
1006 1779 1040 1838 in
1064 1776 1225 1860 opusculis

157 1877 359 1941 academicis
382 1879 476 1955 1836,
499 1875 761 1955 alteraa.1837,
784 1881 850 1941 sive
874 1877 1012 1962 disputat
1035 1878 1075 1941 de
1096 1876 1225 1964 linguae

171 2001 239 2044 usu
254 1979 358 2066 deque
380 1988 448 2042 arte
470 1981 687 2066 grammatica,
708 1981 775 2043 sive
798 1981 883 2065 ipsas
907 1982 1038 2065 exponit
1059 2002 1123 2060 res,
1147 1985 1226 2046 anti-

171 2087 317 2168 quitates,
339 2071 494 2160 historias,
516 2085 568 2146 vix
589 2103 686 2146 unum
708 2085 867 2148 inveneris
890 2083 1005 2162 locum,
1028 2105 1091 2168 quo
1106 2105 1174 2148 non
1189 2084 1224 2147 li-

169 2187 284 2252 benter
307 2189 373 2250 eius
396 2185 576 2250 subscribas
598 2189 783 2250 sententiae.
817 2186 910 2268 Quae
932 2209 1026 2270 quum
1049 2191 1093 2248 ita
1116 2209 1150 2250 se
1173 2187 1225 2248 ha·
1259 2237 1261 2244 ,

170 2289 275 2366 beant,
303 2309 371 2352 non
394 2286 501 2363 doleo,
529 2296 565 2349 ut
585 2285 657 2348 fieri
679 2285 770 2364 solet,
796 2289 823 2348 si
846 2291 915 2369 quis
938 2296 1048 2348 nostra
1069 2295 1144 2349 aute
1166 2307 1226 2350 nos

129 2421 132 2424 ·
172 2389 259 2468 dixit,
280 2388 375 2475 quod,
398 2411 491 2473 quum
508 2387 686 2474 complures
705 2392 767 2453 iam
789 2397 971 2453 tractassem
987 2410 1105 2468 versus,
1127 2392 1227 2476 prius-

173 2515 265 2578 quam
288 2492 445 2580 Madvigii
467 2492 595 2556 alteram
618 2490 703 2556 illam
728 2492 768 2558 de
790 2493 942 2558 Iuvenale
965 2497 1139 2580 acciperem
1163 2494 1226 2559 dis-

171 2600 390 2676 sertationem,
410 2599 445 2661 in
467 2595 630 2661 nonnullis
653 2598 733 2662 locis
757 2597 867 2663 eadem
889 2619 1034 2683 prorsus,
1057 2621 1138 2684 quae
1163 2620 1225 2686 ego

172 2722 299 2786 quoque
321 2704 511 2779 inveneram,
533 2703 634 2764 virum
653 2701 782 2766 doctum
799 2702 956 2777 iudicasse
972 2705 1127 2788 cognovi3
1151 2705 1226 2784 quin

172 2823 293 2867 summo
316 2803 434 2890 gaudio
457 2825 508 2865 me
531 2802 640 2865 affecit
661 2795 740 2867 tanti
762 2807 822 2868 viri
848 2807 1018 2867 auctoritas
1048 2825 1133 2867 meas
1158 2805 1227 2888 opi-

172 2907 288 2969 niones
311 2904 536 2990 comprobans,
566 2926 750 2992 quamquam
773 2905 911 2972 libenter
933 2905 1092 2973 confiteor
1116 2929 1226 2972 omnes

171 3007 250 3087 illas,
274 3007 315 3072 de
338 3009 451 3093 quibus
474 3012 699 3088 consensimus,
722 3010 960 3075 emendationes
983 3020 1046 3073 tam
1069 3011 1226 3096 simplices

173 3133 243 3176 esse
264 3115 460 3197 inventuque
482 3112 604 3189 faciles,
626 3123 663 3174 ut
683 3116 796 3176 mirum
817 3133 949 3195 prorsus
971 3115 1026 3188 sit,
1050 3111 1137 3195 quod
1160 3132 1227 3173 non

171 3213 367 3277 iamdudum
390 3214 429 3275 ab
452 3211 675 3296 interpretibus
691 3233 801 3274 verum
816 3222 865 3274 est
878 3210 1081 3273 intellectum.
1118 3213 1228 3274 Exem-

172 3313 220 3402 pli
249 3317 350 3402 gratia
378 3335 475 3378 unum
503 3311 722 3391 tantummodo
753 3311 887 3376 exhibeo
916 3311 1022 3376 locum
1049 3321 1106 3399 sat.
1121 3313 1174 3376 ΧΙ.
1197 3336 1226 3378 v.

173 3420 249 3483 lll.
273 3440 355 3504 sqq,
384 3416 452 3495 ubi,
481 3426 648 3504 postquam
678 3414 718 3480 de
746 3415 841 3481 bonis
863 3420 981 3482 veteris
1009 3420 1057 3482 rei
1081 3416 1228 3503 publicae

173 3522 368 3608 temporibus
389 3513 580 3600 dictumest,
601 3520 700 3584 verba
722 3521 884 3606 hucusque
905 3525 949 3586 ita
971 3522 1172 3610 legebantur,
1192 3531 1229 3585 ut

173 3629 353 3690 necessario
376 3646 486 3689 omnes
510 3645 610 3709 aeque
633 3629 842 3690 cruciaverint
862 3630 1068 3712 interpretes:

277 3761 449 3821 Templorum
468 3771 573 3822 quoque
591 3759 720 3811 maiestas
737 3761 909 3823 praesentior
926 3763 955 3810 et
972 3773 1026 3809 vox

277 3845 366 3894 Nocte
385 3845 443 3894 tere
461 3843 551 3895 media
568 3844 735 3910 mediamque
754 3847 847 3898 audita
864 3859 914 3908 per
931 3847 1034 3914 urbem,

248 4063 280 4130 l)
304 4065 450 4120 Zimmerm⁴
472 4063 629 4122 Zeitschrilt
645 4065 662 4120 f.
680 4065 798 4122 Alterth.

245 4146 282 4215 2)
307 4148 450 4205 Hallesclre
469 4149 664 4208 Literaturzeit.
685 4153 760 4206 1842.
779 4147 831 4205 Νο,
844 4154 972 4210 25-29.
