2980 4700
1161 344 1209 416 ol

158 542 220 596 tam
239 533 356 619 insigni
379 526 522 616 exemplo
545 528 668 595 fontem
692 529 801 613 aperit,
824 547 888 611 quo
912 547 982 592 cum
1004 529 1117 592 ceteris
1140 535 1209 592 orta

159 643 214 712 est
241 645 276 698 ut
298 634 338 699 de
360 634 419 697 hac
437 631 573 718 quidem,
594 633 648 717 qui
669 628 815 694 dubitare
829 627 915 708 velit,
938 651 1057 708 verear,
1085 651 1127 694 nc
1149 650 1207 695 no-

159 736 232 802 dum
255 747 384 822 quaerat
405 739 439 799 in
460 737 576 820 scirpo.

244 841 360 923 Neque
387 839 489 900 minus
519 858 611 922 quarn
639 836 718 899 haec
739 837 803 898 vita
825 855 885 919 pro
908 855 979 898 mea
1001 833 1121 898 iaciunt
1142 839 1211 921 opi-

156 946 254 1008 nione
277 941 490 1004 additamenta
512 939 568 1004 illa
591 938 741 1003 advitam
757 937 1106 1002 Psaudosuetonianam
1122 960 1141 1002 e
1156 960 1209 1004 eo-

157 1044 228 1109 dice
249 1045 413 1107 Vossiano
437 1043 477 1106 ab
500 1045 684 1108 Hermanno
709 1042 853 1120 exhibita,
875 1041 998 1128 quibus,
1025 1041 1112 1126 quod
1133 1063 1212 1128 prae

158 1149 271 1212 ceteris
290 1149 395 1224 miror,
418 1146 551 1212 eandem
574 1148 792 1212 auctoritatem
814 1146 926 1210 tribuit
938 1148 989 1210 vir
1003 1144 1212 1224 doctissimus,

158 1271 250 1336 quam
280 1253 378 1334 ipsius
400 1253 486 1315 vitae
507 1250 623 1315 verbis.
670 1246 786 1332 Qualia
810 1258 914 1312 autem
938 1252 1002 1312 sint
1023 1249 1103 1312 haec
1125 1248 1211 1313 addi-

157 1363 311 1431 tamenta,
333 1375 351 1416 a
374 1352 508 1418 librariis
529 1353 628 1418 modo
651 1353 714 1416 huc
734 1350 833 1416 modo
856 1351 933 1416 illuc
955 1349 1080 1428 adsuta,
1105 1354 1140 1416 in
1162 1373 1213 1416 su-

157 1458 285 1541 periore
308 1459 369 1519 iam
392 1455 610 1540 disputatione
632 1455 736 1534 docui,
758 1455 815 1519 ubi
838 1454 879 1519 de
893 1457 958 1518 vita
972 1454 1214 1519 Omniboniana

157 1556 235 1635 dixi,
262 1557 303 1622 ad
325 1562 414 1623 cuius
437 1559 533 1626 finem
556 1557 697 1644 lepidus,
727 1561 835 1622 nescio
860 1561 943 1642 quis,
972 1578 1079 1622 scurra
1101 1559 1211 1620 mirum

156 1659 238 1724 illud
261 1660 302 1724 de
324 1661 475 1726 codicillo
500 1672 712 1728 commentum
734 1661 908 1739 subiunxit,
936 1663 971 1725 in
993 1681 1057 1746 quo
1079 1662 1214 1744 impera-

157 1774 261 1827 torem
289 1768 452 1850 scripsisse
481 1766 630 1830 narrabat
657 1767 725 1844 „Et
753 1775 786 1830 te
814 1763 991 1830 Philomela
1019 1768 1211 1849 promovit“.

158 1866 283 1930 Similes
311 1869 459 1953 proiecto
480 1872 565 1933 vitae
586 1869 611 1932 1.
637 1867 902 1954 interpolationes
928 1877 1015 1945 sunt,
1043 1870 1077 1929 in
1100 1865 1213 1932 codice

158 1971 321 2034 Vossiano
344 1974 503 2036 inventae.
536 1974 641 2036 Prima
663 1981 776 2051 autem,
799 1993 891 2056 quam
914 1970 1041 2036 exhibet
1062 1970 1213 2034 Herman-

156 2094 217 2137 nus
239 2077 291 2159 (p.
309 2077 390 2154 lt),
414 2086 487 2140 ante
508 2075 607 2140 verba
628 2074 779 2152 „Deinde
800 2095 975 2161 paucorum
996 2093 1144 2136 versuum
1166 2094 1214 2138 sa-

158 2179 233 2253 „tira
256 2195 323 2240 non
347 2178 483 2242 absurde
506 2167 701 2263 composita“
715 2177 879 2255 inculcata,
901 2179 981 2241 haec
996 2187 1057 2240 est:
1078 2175 1213 2253 „deinde

156 2278 216 2357 „ad
235 2282 385 2363 poeticen
403 2301 438 2344 se
454 2280 625 2366 applicavit
642 2290 675 2342 et
691 2290 858 2366 postquam
874 2280 940 2343 diu
956 2281 1098 2356 tacuit,
1122 2279 1213 2343 ube-

158 2383 281 2460 „riori
300 2385 490 2446 vitiorum
503 2386 563 2446 iam
578 2382 734 2472 gliscente
746 2385 949 2470 contagione,
966 2381 1005 2446 ab
1024 2381 1214 2470 indigna-

159 2487 297 2563 „tione
319 2487 450 2571 incepit:
473 2486 630 2573 „Semper
653 2507 715 2574 ego
739 2486 951 2552 auditor.““
983 2486 1048 2550 lam
1072 2495 1213 2571 apparet,

160 2610 197 2652 ex
219 2587 278 2652 hac
296 2593 474 2674 antiquiore
492 2591 576 2656 haud
596 2591 692 2656 dubie
707 2591 958 2678 interpolatione
973 2589 1119 2675 prolecta
1135 2611 1214 2666 esse,

160 2713 241 2776 quae
270 2695 303 2756 in
324 2695 390 2758 vita
412 2695 442 2757 2.
470 2699 523 2772 (ex
552 2695 822 2760 cod.1s.Vossii
851 2695 935 2758 edita
964 2693 1004 2756 ab
1028 2693 1214 2770 Hennini0)‚

158 2806 326 2856 narrantur
347 2797 470 2877 „prima
493 2805 596 2859 aetate
618 2794 712 2872 siluit,
739 2796 779 2858 ad
802 2794 936 2857 mediam
959 2793 1057 2856 ferme
1080 2802 1214 2857 aetatem

1 2951 5 2960 r
97 2897 102 2902 '
159 2894 372 2974 „declamavit
394 2895 480 2960 unde
504 2907 536 2961 et
558 2899 646 2983 quasi
668 2897 734 2962 diu
758 2899 914 2960 tacuit.“
958 2893 1086 2960 Deinde
1109 2907 1214 2961 autem

151 3001 291 3085 egregie
318 2999 546 3084 comprobatur
574 3002 637 3067 hoc
665 3001 901 3078 additamento‚=
925 2997 1013 3084 quod
1035 3003 1214 3084 auspicatus

161 3112 192 3164 et
216 3104 397 3166 coniectura
420 3115 581 3169 assecutus
604 3126 687 3182 sum,
715 3125 841 3168 omnem
864 3102 946 3164 hanc
969 3099 1009 3164 de
1030 3111 1147 3184 poetae
1169 3113 1214 3166 ta-

160 3205 339 3266 citurnitate
362 3203 501 3268 fabulam
525 3228 562 3270 ex
584 3208 683 3290 ipsius
705 3204 866 3269 luvenalis
888 3205 990 3288 primo
1009 3222 1102 3264 versu
1123 3223 1214 3289 repe-

159 3308 247 3368 titam
271 3326 340 3368 csse
364 3327 512 3393 „semper
535 3328 596 3394 ego
620 3307 747 3372 auditor
768 3309 907 3386 tantum?
935 3325 1147 3389 numquamne
1166 3331 1215 3372 rc-

159 3428 300 3493 „ponam
323 3414 407 3472 etc.“
452 3411 589 3476 Videtur
610 3411 702 3475 simul
725 3411 805 3475 alius
826 3413 946 3497 primae
968 3410 1083 3473 satirae
1103 3431 1214 3477 versus

160 3515 256 3592 (79.)
277 3511 499 3599 interpolatori
521 3515 709 3581 obversatus
734 3537 811 3594 esse,
835 3514 888 3594 „si
910 3521 1020 3577 natura
1043 3522 1148 3598 negat,
1170 3516 1214 3578 sa-

159 3616 220 3692 „cit
234 3615 466 3702 indignatio
481 3624 635 3683 versum.“
657 3620 745 3705 Quin
760 3623 828 3706 ipsa
844 3639 972 3705 quoque
983 3616 1082 3679 verba
1097 3617 1215 3692 „Ube-

160 3719 283 3795 „riori
306 3721 499 3784 vitiorum
529 3724 590 3786 iam
616 3723 771 3810 gliscente
794 3723 989 3810 contagione
1011 3719 1121 3786 hausta
1143 3746 1214 3794 csse

159 3819 343 3898 „videntur‘
366 3845 403 3888 ex
425 3835 481 3890 sat.
497 3826 521 3889 l.
545 3827 597 3891 87.
621 3849 687 3913 sqq.

266 3985 302 4034 Et
319 3987 425 4046 quando
441 3986 579 4038 iubenior
597 3987 755 4038 vitiorum
774 3979 871 4050 sopiat
894 3988 1000 4049 quando

268 4069 357 4119 Maior
375 4071 508 4123 avaritiae
526 4073 614 4135 patuit
631 4067 727 4125 sinus?
750 4075 811 4124 alea
829 4074 934 4137 quando

268 4155 325 4203 ilos
342 4151 467 4208 animoa?
486 4162 539 4210 etc.
558 4163 611 4210 eto.
