2980 4700
1162 315 1209 387 33

146 515 208 581 pro
232 545 249 574 ,,
256 505 288 560 et
295 501 317 574 “,
333 495 452 560 deinde
473 495 654 574 „domino“
669 514 730 580 pro
753 492 927 572 „domina“
943 491 1147 558 scribendum
1163 518 1211 561 ra-

146 609 212 676 tus,
243 607 345 664 totum
367 599 473 664 locum
498 597 539 662 de
561 599 684 664 civibus
707 619 742 660 se
764 599 852 680 ipsos
875 595 1091 662 vendentibus
1118 599 1210 664 intel-

144 699 234 788 legit,
258 724 340 788 quae
364 701 532 787 explicatio
557 700 705 765 omnibus
728 717 821 783 supra
844 703 906 764 iarn
921 702 1108 785 vituperatis
1124 704 1207 767 vitiis

145 825 344 892 magnopere
366 803 500 868 laborat.
536 801 609 867 Tali
631 820 711 866 vero
735 802 910 864 mutatione
933 823 1000 866 nou
1024 802 1209 871 emendatur

145 906 255 985 locus,
277 903 335 970 sed
356 907 465 989 potius
488 907 708 990 corrumpitur.

576 1087 765 1096 *-

236 1219 411 1303 Egregium
432 1214 567 1278 vidimus
590 1212 781 1297 exemplum,
808 1224 932 1280 veteres
954 1215 1025 1279 illas
1047 1218 1206 1302 interpre-

152 1321 298 1398 tationes,
321 1339 402 1405 quae
423 1315 616 1380 scholiorum
636 1318 765 1380 nomine
782 1317 1050 1394 circumferuntur,
1072 1339 1141 1405 non
1163 1329 1207 1384 te-

150 1443 238 1486 mere
266 1443 336 1486 esse
365 1419 575 1506 spernendas,
606 1441 702 1503 quum
724 1421 931 1504 perantiquae
953 1422 987 1484 in
1008 1421 1057 1484 his
1080 1420 1207 1500 lateant,

143 1523 313 1608 equibus,
345 1523 518 1589 dummodo
549 1524 686 1587 criticam
715 1523 920 1588 adhibeamus
950 1533 1062 1604 artem,
1090 1547 1206 1613 magna

141 1625 262 1692 utilitas
294 1637 326 1692 et
354 1630 387 1692 in
411 1624 642 1692 constituendis
666 1628 752 1689 etin
777 1625 970 1712 explicandis
996 1638 1114 1714 poetae
1136 1651 1206 1694 ver-

143 1730 196 1794 bis
226 1751 417 1816 promanarc
445 1739 560 1817 potest.
605 1732 681 1794 lam
695 1751 814 1815 paucos
837 1740 913 1816 post
934 1751 1045 1796 versus
1071 1731 1205 1796 alterum

145 1836 304 1898 cernimus
334 1833 475 1898 eiusdem
503 1836 551 1896 rei
581 1831 814 1896 documentum.
860 1834 973 1896 Statim
996 1837 1079 1896 enim
1102 1832 1144 1896 de
1166 1835 1205 1896 si—
1276 1851 1284 1864 ·

140 1936 211 2002 mili
233 1937 355 2000 homini
376 1955 496 2021 genere
517 1955 547 1996 v.
563 1935 616 1997 34.
640 1936 745 2020 pergit
767 1932 941 1998 luvenalis:

254 2091 395 2151 Quondam
414 2086 441 2137 hi
460 2085 613 2137 cornicines
632 2091 660 2136 et
677 2085 850 2149 municipalis
868 2098 967 2137 arenae
1070 2079 1075 2084 ’

162 2169 219 2238 35)
254 2174 384 2236 Perpetui
402 2173 517 2222 comites
534 2175 670 2232 notaeque
688 2183 738 2231 per
755 2171 853 2231 oppida
871 2171 974 2220 buccae

253 2263 370 2308 Munera
388 2267 460 2304 nunc
479 2257 562 2303 edunt
580 2255 624 2316 et,
642 2265 723 2301 verso
741 2252 842 2314 pollice
859 2253 944 2316 voigi,

137 2379 141 2386 .
255 2339 408 2399 Quemlibet
426 2337 553 2389 occidunt
570 2335 750 2399 populariter:
775 2336 838 2386 inde
855 2333 963 2384 reversi

257 2421 418 2474 Conducunt
435 2422 551 2488 sericas,
571 2425 624 2472 etc.
643 2424 695 2470 etc.

237 2555 331 2639 Quae
353 2553 451 2618 verba
474 2555 520 2618 sic
542 2575 560 2618 a
583 2573 633 2616 me
655 2555 785 2638 scripta,
815 2566 851 2618 nt
872 2553 973 2641 volgo
999 2555 1032 2616 in
1057 2551 1204 2620 editioni-

139 2658 201 2723 bus
232 2655 398 2745 leguntur,
426 2655 506 2722 nihil
531 2657 649 2732 hahere
671 2655 820 2721 videntur
842 2655 1038 2720 difficultatis
1062 2667 1094 2719 et
1116 2668 1203 2721 recte

141 2761 183 2825 ab
201 2760 436 2824 enarratoribus
457 2758 609 2841 explicata
633 2767 721 2829 sunt;
743 2757 824 2818 viles
847 2759 1001 2833 homines,
1025 2760 1202 2822 cornicines

141 2861 313 2948 quondam,
336 2864 445 2945 quiin
469 2862 581 2938 arenis,
604 2879 646 2923 ne
669 2857 756 2922 urhis
779 2857 914 2944 quidem,
936 2856 994 2924 sed
1016 2863 1203 2947 municipio-

140 2987 210 3033 rum
232 2984 360 3051 operam
383 2967 605 3049 praestiterint,
629 2985 715 3027 nunc
729 2965 818 3047 ipsos
833 2962 1014 3047 spectacula
1033 2964 1129 3029 edere
1144 2986 1203 3051 po-

141 3069 274 3156 pulique
296 3071 427 3154 gratiam
452 3079 579 3152 captare
601 3066 828 3130 interficientes
850 3065 1058 3149 gladiatores,
1086 3070 1113 3128 si
1135 3067 1203 3130 vol-

144 3192 205 3256 gus
231 3169 380 3250 pollicem
403 3178 520 3244 vertat,
549 3167 634 3249 quod
658 3168 782 3249 signum
806 3175 874 3226 erat
894 3165 1140 3246 postulantium,
1168 3177 1204 3229 ut

143 3267 306 3358 gladiatur
334 3266 445 3352 aliquis
469 3269 569 3332 victus
600 3264 866 3342 conficeretur¹).
914 3266 1036 3327 Tamen
1059 3284 1126 3328 non
1149 3286 1203 3330 ne·
1295 3329 1300 3336 ,

142 3371 337 3463 glegendnm
355 3380 410 3451 est,
433 3370 521 3456 quod
537 3391 604 3434 non
619 3366 722 3432 solum
740 3365 836 3443 multi,
856 3388 965 3432 verum
982 3370 1074 3432 etiam
1090 3372 1202 3455 optimi

92 3505 96 3508 ·
144 3482 261 3566 quique
276 3487 309 3542 ct
323 3478 529 3561 antiquissimi
542 3475 616 3539 libri
633 3492 692 3560 pro
715 3469 838 3558 „vulgi‘
853 3474 1038 3559 scripturam
1056 3473 1203 3538 exhibent

143 3579 303 3667 „vulgus“,
326 3583 392 3661 (sic
414 3578 532 3666 legitur
554 3582 588 3644 in
603 3577 762 3642 Achaintr.
779 3574 873 3641 codd.
890 3575 1115 3654 Alexandrino,
1134 3575 1202 3639 Ma·

146 3767 345 3777 *ρο-,-

216 3876 251 3945 1)
276 3874 319 3932 Cf.
336 3876 457 3932 Prudent
475 3874 533 3932 adr.
553 3874 625 3949 Sym.
638 3876 671 3932 ll.
686 3879 763 3933 1097.
781 3874 848 3930 Stat.
868 3871 953 3928 Theh.
965 3870 1033 3928 Vlil.
1047 3875 1089 3930 ts.
1107 3872 1197 3928 Burm.

145 3959 228 4015 Anth.
247 3959 305 4016 Lat.
325 3960 343 4016 l.
363 3982 388 4039 p.
409 3965 469 4017 534.

416 4061 498 4116 Sperat
511 4068 533 4103 et
547 4059 568 4102 ln
582 4073 647 4102 saeva
659 4058 732 4102 victus
746 4055 861 4114 gladiator
872 4069 947 4106 arena,

418 4129 453 4173 Sit
468 4130 524 4174 licet
537 4130 620 4174 inlecto
633 4128 721 4186 pollice
736 4125 802 4170 turba
813 4124 894 4169 minax.

945 4202 966 4264 3
