2980 4700
1170 313 1216 387 tl

160 503 369 589 scriptoribus
392 523 459 568 non
481 513 664 568 memorata.
704 503 787 567 Nam
811 521 881 566 eam
904 497 1039 584 quidem,
1061 521 1154 588 qnam
1176 500 1215 568 C.

158 605 282 672 Plinius
305 609 354 688 (b.
378 627 408 670 n.
431 607 577 671 XXVIII.
600 609 654 687 2.)
677 615 711 671 et
725 603 799 669 Val.
822 605 907 667 Max.
930 603 1037 682 (VIII.
1062 607 1134 684 15.)
1155 607 1217 670 vic-

160 715 266 799 ginem
285 711 458 788 Vestalem,
479 719 658 795 prostratae
680 707 850 794 pudicitiae
873 716 1057 786 accusatam,
1080 707 1121 772 ad
1143 729 1217 794 pro-

160 814 297 880 bandam
323 815 553 887 innocentiam,
581 809 749 897 implorata
773 809 847 888 dea,
879 829 991 894 aquam
1013 812 1047 873 iu
1069 811 1174 876 cribro
1197 835 1217 876 e
1328 895 1332 906 ι

162 918 273 983 Tiberi
295 917 439 979 haustam
462 913 502 978 ad
525 916 645 980 Vestae
666 913 778 980 aedem
800 922 947 999 portasse
968 911 1125 991 referunt,
1150 933 1217 978 non

162 1018 297 1086 eandem
320 1041 390 1083 esse
413 1039 493 1103 quae
514 1019 593 1084 haec
617 1022 749 1097 Tuccia,
771 1020 929 1084 neminem
952 1016 1050 1102 paulo
1073 1016 1218 1083 subtilio-

160 1127 204 1188 ris
226 1125 347 1210 ingenii
370 1122 481 1206 lugere
503 1131 619 1205 potest.
665 1124 782 1186 Putant
804 1125 888 1186 enim
910 1119 1072 1200 nonnulli,
1099 1121 1158 1186 sub
1180 1122 1218 1185 it

6 1269 7 1276 ,
84 1279 93 1290 .
161 1226 224 1288 lius
239 1228 370 1288 nomine
385 1226 524 1287 omnium
535 1221 712 1286 Vestalium
735 1233 874 1286 secretas
896 1223 1047 1287 libidines
1068 1227 1217 1288 incestas-
1258 1238 1261 1244 '

164 1347 226 1412 que
241 1325 430 1412 cupiditates
446 1329 557 1405 notari,
580 1329 623 1391 ita
646 1335 682 1390 ut
704 1327 797 1390 huius
813 1328 952 1390 Tucciae
968 1327 1073 1388 vesica
1090 1349 1160 1390 cum
1181 1327 1218 1391 il-

161 1428 222 1493 lius
246 1428 349 1495 cribro
374 1441 583 1517 comparetur.
618 1427 747 1494 Scilicet
765 1429 921 1514 praeclari
942 1431 1133 1515 interpretes
1154 1438 1219 1494 stu-

161 1532 216 1597 dio
239 1544 346 1599 notam
370 1533 505 1620 aliquam
528 1531 724 1599 historiolam
747 1533 969 1622 investigandi,
992 1533 1142 1620 adquam
1157 1534 1217 1614 hic,

161 1647 196 1701 ut
211 1637 317 1702 dicere
333 1638 447 1717 solent,
470 1638 638 1704 adlusisset
660 1647 765 1723 poeta,
787 1660 852 1702 rem
876 1640 1103 1730 apertissimam
1126 1661 1218 1725 prae·

162 1741 373 1822 terviderunt,
401 1742 497 1829 plane
521 1742 712 1808 contrarium
735 1740 777 1806 de
798 1725 923 1830 virgine
946 1742 1071 1808 Vestali
1096 1742 1217 1821 referri,

160 1842 248 1907 illam
270 1866 370 1930 aquae
391 1849 573 1931 imperasse,
595 1866 637 1907 ne
655 1843 840 1928 proflueret,
861 1845 953 1908 hunus
968 1848 1106 1908 vesicam
1124 1843 1215 1908 solvi.

161 1948 376 2026 Aebaintrius,
404 1946 445 2012 de
469 1951 582 2012 ceteris
603 1967 712 2032 parurn
735 1944 904 2027 sollicitus,
933 1968 995 2033 pro
1020 1954 1109 2012 certo
1133 1945 1218 2011 affir-

160 2062 231 2131 mat,
256 2054 406 2117 Tusciam
430 2060 462 2116 et
485 2050 641 2138 Appulam
665 2049 739 2115 licta
761 2055 950 2118 rusticorum
973 2051 1138 2117 mulierum
1160 2072 1218 2116 no·

159 2159 244 2218 mina
264 2178 343 2220 esse.
389 2155 454 2218 Sed
477 2175 519 2218 ne
541 2175 704 2238 quaeram,
733 2155 819 2218 unde
842 2159 933 2230 sciat,
963 2165 995 2217 et
1015 2155 1123 2216 fictam
1146 2175 1216 2218 esse

162 2260 302 2321 Tucciae
320 2275 499 2341 personam,
523 2263 555 2316 et
576 2257 733 2332 rusticam,
754 2275 863 2318 nonne
886 2276 944 2340 per
966 2275 1058 2339 quam
1082 2253 1218 2322 absurde

163 2361 282 2446 egisset
296 2367 402 2444 poeta,
425 2358 452 2419 si
472 2378 508 2420 ex
526 2355 640 2422 eodem
663 2354 828 2421 mulierum
850 2380 969 2446 genere
993 2358 1071 2423 duas
1093 2363 1218 2444 posuis-

164 2465 230 2526 set?
278 2443 496 2548 Quapropter¹
511 2464 545 2526 in
575 2482 616 2526 eo
646 2459 798 2527 debemus
827 2465 1045 2550 acquiescere,
1073 2484 1134 2530 nos
1163 2487 1218 2532 ne-

161 2567 241 2629 scire
265 2565 399 2651 quidem,
429 2587 582 2651 quaenam
605 2565 701 2631 fuerit
721 2566 801 2632 baec
823 2567 947 2647 femina,
971 2571 1131 2652 exquisitis
1155 2568 1217 2633 illis

160 2689 281 2734 morum
292 2670 451 2735 illecebris
463 2670 604 2736 nondum
617 2669 712 2733 valde
724 2670 864 2746 adsueta,
874 2674 990 2733 risisse
1002 2679 1106 2732 autem
1117 2673 1218 2753 ipsius

160 2784 278 2859 poetae
300 2771 507 2856 temporibus.
549 2773 628 2833 Non
650 2774 750 2856 magis
773 2780 859 2832 certe
877 2779 964 2847 sunt,
987 2789 1069 2854 quae
1091 2768 1132 2834 de
1154 2770 1217 2857 Ap

161 2873 238 2961 pula
261 2885 400 2940 statuere
423 2893 605 2960 possumus;
628 2871 660 2936 id
678 2893 774 2936 unum
792 2875 1005 2953 certissimum,
1029 2894 1139 2940 omnes
1164 2874 1218 2940 ad-

160 2979 222 3042 buc
240 2988 440 3043 enarratores
455 2999 621 3064 perperam
637 2999 756 3043 nomen
772 2977 834 3043 boc
850 2977 964 3064 populi
981 2988 1119 3063 putasse.
1154 2978 1218 3044 Cui

162 3084 243 3145 enim
267 3083 393 3166 placere
412 3091 521 3164 potest
541 3080 612 3142 talis
629 3083 783 3140 orationis
798 3083 1064 3155 inconcinnitatis,
1087 3101 1147 3163 qua
1170 3082 1218 3142 iu-

161 3193 211 3244 ter
227 3181 346 3244 medias
368 3199 522 3262 personas
546 3181 638 3240 certis
659 3178 841 3241 nominibus
864 3178 1065 3264 significatas,
1086 3199 1150 3240 una
1172 3183 1218 3242 in-

163 3285 323 3347 tericiatur
343 3278 456 3366 populi
480 3280 616 3354 nomine,
639 3277 725 3341 unde
740 3287 810 3342 orta
825 3281 874 3357 sit,
897 3278 1081 3365 designata?
1106 3281 1216 3366 Quare

162 3383 278 3472 duplex
300 3393 399 3448 restat
420 3381 649 3467 interpretandi
671 3385 767 3460 ratio,
790 3403 921 3468 quarum
943 3392 1014 3447 utra
1035 3389 1145 3471 potior
1168 3391 1217 3469 sit,

161 3492 213 3553 vix
238 3508 368 3574 possum
395 3486 581 3551 decernere:
611 3506 681 3552 esse
711 3507 829 3551 nomen
857 3488 993 3554 feminae
1010 3499 1077 3554 ‘aut
1104 3500 1217 3570 certae,

161 3602 278 3678 poetae
293 3589 476 3676 aequalibus
493 3593 568 3654 satis
584 3599 689 3670 notae,
713 3590 826 3656 eodem
841 3592 939 3658 modo
955 3594 1130 3672 formatam,
1151 3615 1216 3682 qno

163 3864 267 3922 dicibus
286 3876 405 3944 apparet,
425 3867 616 3924 verumetiam
635 3888 650 3923 e
669 3867 699 3924 C.
718 3866 800 3925 Plinii
819 3879 846 3924 et
858 3867 916 3926 Val.
936 3867 1052 3936 lllaximi,
1072 3865 1123 3938 (cl.
1142 3868 1161 3925 l.
1179 3868 1218 3940 l.)

163 3970 318 4027 quamquam
336 3951 382 4009 elii
400 3951 488 4008 ethic
507 3961 534 4008 et
552 3952 617 4010 illuc
635 3950 776 4023 „Tuscia“
790 3954 941 4026 exhibeant,
961 3955 1035 4032 qnod
1052 3965 1141 4012 tamen
1159 3976 1217 4014 eor·

163 4044 241 4112 rupte
258 4057 308 4112 pro
327 4037 456 4106 „'Iusea“
475 4039 641 4097 emendatrix
659 4040 829 4100 librariorum
846 4062 939 4100 manus
956 4043 1083 4120 posuisse
1100 4041 1215 4111 ridetur,

164 4131 193 4177 ut
211 4120 305 4180 melius
324 4122 499 4200 responderet
517 4129 624 4184 nomine
641 4127 773 4206 Appulae.
