<?xml version="1.0" encoding="UTF-8"?>
<!DOCTYPE html PUBLIC "-//W3C//DTD XHTML 1.0 Transitional//EN"
    "http://www.w3.org/TR/xhtml1/DTD/xhtml1-transitional.dtd">
<html xmlns="http://www.w3.org/1999/xhtml" xml:lang="en" lang="en">
 <head>
  <title>
</title>
<meta http-equiv="Content-Type" content="text/html;charset=utf-8" />
  <meta name='ocr-system' content='tesseract 3.04.00' />
  <meta name='ocr-capabilities' content='ocr_page ocr_carea ocr_par ocr_line ocrx_word'/>
</head>
<body>
  <div class='ocr_page' id='page_1' title='image "./carolikempfiiob00kempgoog_0077.png"; bbox 0 0 2980 4700; ppageno 0'>
   <div class='ocr_carea' id='block_1_1' title="bbox 265 311 314 386">
    <p class='ocr_par' dir='ltr' id='par_1_1' title="bbox 265 311 314 386">
     <span class='ocr_line' id='line_1_1' title="bbox 265 311 314 386; baseline 0 0"><span class='ocrx_word' id='word_1_1' title='bbox 265 311 314 386; x_wconf 76' lang='grc'><strong>72</strong></span> 
     </span>
    </p>
   </div>
   <div class='ocr_carea' id='block_1_2' title="bbox 198 494 1381 3466">
    <p class='ocr_par' dir='ltr' id='par_1_2' title="bbox 198 494 1381 3466">
     <span class='ocr_line' id='line_1_2' title="bbox 198 494 1324 579; baseline -0.004 -15"><span class='ocrx_word' id='word_1_2' title='bbox 198 505 209 518; x_wconf 72' lang='grc'><strong>“</strong></span> <span class='ocrx_word' id='word_1_3' title='bbox 267 509 392 579; x_wconf 64' lang='lat' dir='ltr'><strong>,pectus</strong></span> <span class='ocrx_word' id='word_1_4' title='bbox 422 509 507 568; x_wconf 86' lang='lat' dir='ltr'><strong>esset</strong></span> <span class='ocrx_word' id='word_1_5' title='bbox 534 521 604 565; x_wconf 82' lang='lat' dir='ltr'><strong>oum</strong></span> <span class='ocrx_word' id='word_1_6' title='bbox 631 500 766 566; x_wconf 80' lang='lat' dir='ltr'><strong>cohorte</strong></span> <span class='ocrx_word' id='word_1_7' title='bbox 792 495 924 563; x_wconf 87' lang='lat' dir='ltr'><strong>militum</strong></span> <span class='ocrx_word' id='word_1_8' title='bbox 951 495 1202 560; x_wconf 85' lang='lat' dir='ltr'><strong>tendentium</strong></span> <span class='ocrx_word' id='word_1_9' title='bbox 1221 496 1252 576; x_wconf 90' lang='lat'><strong>¹)</strong></span> <span class='ocrx_word' id='word_1_10' title='bbox 1282 494 1324 560; x_wconf 88' lang='lat' dir='ltr'><strong>ad</strong></span> 
     </span>
     <span class='ocr_line' id='line_1_3' title="bbox 266 598 1325 690; baseline -0.003 -25"><span class='ocrx_word' id='word_1_11' title='bbox 266 603 484 690; x_wconf 62' lang='lat' dir='ltr'><strong>,Aegyptum</strong></span> <span class='ocrx_word' id='word_1_12' title='bbox 510 602 621 668; x_wconf 88' lang='lat' dir='ltr'><strong>laudat</strong></span> <span class='ocrx_word' id='word_1_13' title='bbox 646 604 756 670; x_wconf 89' lang='lat' dir='ltr'><strong>ultima</strong></span> <span class='ocrx_word' id='word_1_14' title='bbox 778 604 872 668; x_wconf 88' lang='lat' dir='ltr'><strong>satira</strong></span> <span class='ocrx_word' id='word_1_15' title='bbox 894 598 1030 666; x_wconf 89' lang='lat' dir='ltr'><strong>studium</strong></span> <span class='ocrx_word' id='word_1_16' title='bbox 1052 598 1213 664; x_wconf 89' lang='lat' dir='ltr'><strong>militare.“</strong></span> <span class='ocrx_word' id='word_1_17' title='bbox 1257 601 1325 662; x_wconf 91' lang='lat' dir='ltr'><strong>lam</strong></span> 
     </span>
     <span class='ocr_line' id='line_1_4' title="bbox 267 703 1324 792; baseline -0.002 -22"><span class='ocrx_word' id='word_1_18' title='bbox 267 705 383 770; x_wconf 88' lang='lat' dir='ltr'><strong>ultimis</strong></span> <span class='ocrx_word' id='word_1_19' title='bbox 411 709 499 772; x_wconf 91' lang='lat' dir='ltr'><strong>hisce</strong></span> <span class='ocrx_word' id='word_1_20' title='bbox 520 706 628 772; x_wconf 87' lang='lat' dir='ltr'><strong>verhis</strong></span> <span class='ocrx_word' id='word_1_21' title='bbox 655 729 749 773; x_wconf 89' lang='lat' dir='ltr'><strong>causa</strong></span> <span class='ocrx_word' id='word_1_22' title='bbox 778 715 810 771; x_wconf 91' lang='lat' dir='ltr'><strong>et</strong></span> <span class='ocrx_word' id='word_1_23' title='bbox 833 707 926 792; x_wconf 83' lang='lat' dir='ltr'><strong>origo</strong></span> <span class='ocrx_word' id='word_1_24' title='bbox 949 707 1046 768; x_wconf 90' lang='lat' dir='ltr'><strong>totius</strong></span> <span class='ocrx_word' id='word_1_25' title='bbox 1064 703 1324 768; x_wconf 84' lang='lat' dir='ltr'><strong>narratiunculae</strong></span> 
     </span>
     <span class='ocr_line' id='line_1_5' title="bbox 268 805 1323 896; baseline -0.002 -24"><span class='ocrx_word' id='word_1_26' title='bbox 268 819 365 894; x_wconf 86' lang='lat' dir='ltr'><strong>patet,</strong></span> <span class='ocrx_word' id='word_1_27' title='bbox 395 813 490 876; x_wconf 88' lang='lat' dir='ltr'><strong>satira</strong></span> <span class='ocrx_word' id='word_1_28' title='bbox 512 811 607 889; x_wconf 75' lang='lat' dir='ltr'><strong>xvi,</strong></span> <span class='ocrx_word' id='word_1_29' title='bbox 634 833 717 896; x_wconf 85' lang='lat' dir='ltr'><strong>quae</strong></span> <span class='ocrx_word' id='word_1_30' title='bbox 739 809 869 876; x_wconf 89' lang='lat' dir='ltr'><strong>militiae</strong></span> <span class='ocrx_word' id='word_1_31' title='bbox 890 811 1030 895; x_wconf 89' lang='lat' dir='ltr'><strong>praemia</strong></span> <span class='ocrx_word' id='word_1_32' title='bbox 1052 829 1090 871; x_wconf 87' lang='lat' dir='ltr'><strong>ao</strong></span> <span class='ocrx_word' id='word_1_33' title='bbox 1112 805 1323 871; x_wconf 88' lang='lat' dir='ltr'><strong>emolumenta</strong></span> 
     </span>
     <span class='ocr_line' id='line_1_6' title="bbox 267 908 1323 1000; baseline -0.003 -23"><span class='ocrx_word' id='word_1_34' title='bbox 267 915 312 978; x_wconf 87' lang='lat' dir='ltr'><strong>ita</strong></span> <span class='ocrx_word' id='word_1_35' title='bbox 342 918 488 1000; x_wconf 85' lang='lat' dir='ltr'>exponit,</span> <span class='ocrx_word' id='word_1_36' title='bbox 515 923 552 977; x_wconf 91' lang='lat' dir='ltr'><strong>ut</strong></span> <span class='ocrx_word' id='word_1_37' title='bbox 579 917 682 998; x_wconf 90' lang='lat' dir='ltr'><strong>primo</strong></span> <span class='ocrx_word' id='word_1_38' title='bbox 712 923 799 976; x_wconf 90' lang='lat' dir='ltr'><strong>certe</strong></span> <span class='ocrx_word' id='word_1_39' title='bbox 828 922 959 995; x_wconf 87' lang='lat' dir='ltr'><strong>aspectu</strong></span> <span class='ocrx_word' id='word_1_40' title='bbox 986 912 1026 975; x_wconf 93' lang='lat' dir='ltr'><strong>ah</strong></span> <span class='ocrx_word' id='word_1_41' title='bbox 1050 912 1178 975; x_wconf 91' lang='lat' dir='ltr'><strong>homine</strong></span> <span class='ocrx_word' id='word_1_42' title='bbox 1198 908 1323 974; x_wconf 89' lang='lat' dir='ltr'><strong>militari</strong></span> 
     </span>
     <span class='ocr_line' id='line_1_7' title="bbox 269 1011 1325 1101; baseline -0.004 -22"><span class='ocrx_word' id='word_1_43' title='bbox 269 1015 407 1100; x_wconf 90' lang='lat' dir='ltr'><strong>quodam</strong></span> <span class='ocrx_word' id='word_1_44' title='bbox 423 1035 553 1080; x_wconf 89' lang='lat' dir='ltr'><strong>munere</strong></span> <span class='ocrx_word' id='word_1_45' title='bbox 568 1015 722 1101; x_wconf 84' lang='lat' dir='ltr'><strong>fungente</strong></span> <span class='ocrx_word' id='word_1_46' title='bbox 737 1013 882 1098; x_wconf 84' lang='lat' dir='ltr'><strong>profecta</strong></span> <span class='ocrx_word' id='word_1_47' title='bbox 898 1033 968 1076; x_wconf 88' lang='lat' dir='ltr'><strong>esse</strong></span> <span class='ocrx_word' id='word_1_48' title='bbox 983 1013 1085 1077; x_wconf 86' lang='lat' dir='ltr'><strong>videri</strong></span> <span class='ocrx_word' id='word_1_49' title='bbox 1102 1015 1214 1099; x_wconf 87' lang='lat' dir='ltr'><strong>possit.</strong></span> <span class='ocrx_word' id='word_1_50' title='bbox 1248 1011 1325 1096; x_wconf 85' lang='lat' dir='ltr'><strong>Quo</strong></span> 
     </span>
     <span class='ocr_line' id='line_1_8' title="bbox 267 1113 1327 1202; baseline -0.001 -23"><span class='ocrx_word' id='word_1_51' title='bbox 267 1115 396 1193; x_wconf 82' lang='lat' dir='ltr'><strong>accedit,</strong></span> <span class='ocrx_word' id='word_1_52' title='bbox 419 1113 516 1199; x_wconf 88' lang='lat' dir='ltr'><strong>quod,</strong></span> <span class='ocrx_word' id='word_1_53' title='bbox 538 1135 632 1199; x_wconf 91' lang='lat' dir='ltr'><strong>quum</strong></span> <span class='ocrx_word' id='word_1_54' title='bbox 654 1116 837 1202; x_wconf 82' lang='lat' dir='ltr'><strong>praefectos</strong></span> <span class='ocrx_word' id='word_1_55' title='bbox 855 1125 888 1178; x_wconf 87' lang='lat' dir='ltr'><strong>et</strong></span> <span class='ocrx_word' id='word_1_56' title='bbox 904 1115 1050 1180; x_wconf 89' lang='lat' dir='ltr'><strong>tribunos</strong></span> <span class='ocrx_word' id='word_1_57' title='bbox 1068 1125 1212 1180; x_wconf 88' lang='lat' dir='ltr'><strong>notasset</strong></span> <span class='ocrx_word' id='word_1_58' title='bbox 1227 1124 1327 1200; x_wconf 88' lang='lat' dir='ltr'><strong>poeta</strong></span> 
     </span>
     <span class='ocr_line' id='line_1_9' title="bbox 267 1217 1328 1306; baseline 0.002 -27"><span class='ocrx_word' id='word_1_59' title='bbox 267 1217 307 1280; x_wconf 89' lang='lat' dir='ltr'><strong>ab</strong></span> <span class='ocrx_word' id='word_1_60' title='bbox 331 1218 486 1282; x_wconf 83' lang='lat' dir='ltr'><strong>histrione</strong></span> <span class='ocrx_word' id='word_1_61' title='bbox 508 1231 688 1304; x_wconf 87' lang='lat' dir='ltr'><strong>provectos,</strong></span> <span class='ocrx_word' id='word_1_62' title='bbox 712 1230 744 1284; x_wconf 92' lang='lat' dir='ltr'><strong>et</strong></span> <span class='ocrx_word' id='word_1_63' title='bbox 765 1224 868 1306; x_wconf 89' lang='lat' dir='ltr'><strong>ipsum</strong></span> <span class='ocrx_word' id='word_1_64' title='bbox 884 1219 1026 1284; x_wconf 88' lang='lat' dir='ltr'><strong>cohortis</strong></span> <span class='ocrx_word' id='word_1_65' title='bbox 1048 1219 1246 1305; x_wconf 78' lang='lat' dir='ltr'><strong>praefectura</strong></span> <span class='ocrx_word' id='word_1_66' title='bbox 1268 1239 1328 1303; x_wconf 89' lang='lat' dir='ltr'><strong>pu·</strong></span> 
     </span>
     <span class='ocr_line' id='line_1_10' title="bbox 267 1320 1329 1408; baseline 0.002 -24"><span class='ocrx_word' id='word_1_67' title='bbox 267 1322 353 1385; x_wconf 87' lang='lat' dir='ltr'><strong>nisse</strong></span> <span class='ocrx_word' id='word_1_68' title='bbox 368 1320 495 1386; x_wconf 86' lang='lat' dir='ltr'><strong>videtur</strong></span> <span class='ocrx_word' id='word_1_69' title='bbox 517 1320 643 1408; x_wconf 90' lang='lat' dir='ltr'><strong>lepidus</strong></span> <span class='ocrx_word' id='word_1_70' title='bbox 657 1326 742 1388; x_wconf 86' lang='lat' dir='ltr'><strong>vitae</strong></span> <span class='ocrx_word' id='word_1_71' title='bbox 765 1332 885 1398; x_wconf 83' lang='lat' dir='ltr'><strong>auctor,</strong></span> <span class='ocrx_word' id='word_1_72' title='bbox 907 1371 922 1399; x_wconf 89' lang='lat'><strong>,‚</strong></span> <span class='ocrx_word' id='word_1_73' title='bbox 930 1331 966 1386; x_wconf 92' lang='lat' dir='ltr'><strong>ut</strong></span> <span class='ocrx_word' id='word_1_74' title='bbox 987 1321 1052 1386; x_wconf 87' lang='lat' dir='ltr'><strong>levi</strong></span> <span class='ocrx_word' id='word_1_75' title='bbox 1075 1332 1169 1406; x_wconf 91' lang='lat' dir='ltr'><strong>atque</strong></span> <span class='ocrx_word' id='word_1_76' title='bbox 1191 1320 1329 1386; x_wconf 88' lang='lat' dir='ltr'><strong>ioculari</strong></span> 
     </span>
     <span class='ocr_line' id='line_1_11' title="bbox 267 1422 1324 1509; baseline -0.004 -21"><span class='ocrx_word' id='word_1_77' title='bbox 267 1422 412 1502; x_wconf 88' lang='lat' dir='ltr'><strong>„delicto</strong></span> <span class='ocrx_word' id='word_1_78' title='bbox 434 1447 494 1509; x_wconf 89' lang='lat' dir='ltr'><strong>par</strong></span> <span class='ocrx_word' id='word_1_79' title='bbox 515 1431 624 1502; x_wconf 85' lang='lat' dir='ltr'><strong>esset,“</strong></span> <span class='ocrx_word' id='word_1_80' title='bbox 639 1446 719 1508; x_wconf 90' lang='lat' dir='ltr'><strong>quae</strong></span> <span class='ocrx_word' id='word_1_81' title='bbox 737 1429 822 1488; x_wconf 88' lang='lat' dir='ltr'><strong>vitae</strong></span> <span class='ocrx_word' id='word_1_82' title='bbox 844 1426 963 1508; x_wconf 81' lang='lat' dir='ltr'><strong>primae</strong></span> <span class='ocrx_word' id='word_1_83' title='bbox 980 1423 1087 1501; x_wconf 91' lang='lat' dir='ltr'><strong>verba,</strong></span> <span class='ocrx_word' id='word_1_84' title='bbox 1108 1423 1185 1486; x_wconf 89' lang='lat' dir='ltr'><strong>licet</strong></span> <span class='ocrx_word' id='word_1_85' title='bbox 1205 1427 1324 1506; x_wconf 86' lang='lat' dir='ltr'><strong>inepta,</strong></span> 
     </span>
     <span class='ocr_line' id='line_1_12' title="bbox 267 1523 1289 1612; baseline -0.004 -22"><span class='ocrx_word' id='word_1_86' title='bbox 267 1547 334 1592; x_wconf 91' lang='lat' dir='ltr'><strong>non</strong></span> <span class='ocrx_word' id='word_1_87' title='bbox 350 1547 479 1612; x_wconf 91' lang='lat' dir='ltr'><strong>possum</strong></span> <span class='ocrx_word' id='word_1_88' title='bbox 496 1549 566 1592; x_wconf 90' lang='lat' dir='ltr'><strong>eum</strong></span> <span class='ocrx_word' id='word_1_89' title='bbox 582 1526 741 1592; x_wconf 87' lang='lat' dir='ltr'><strong>Franehio</strong></span> <span class='ocrx_word' id='word_1_90' title='bbox 758 1526 798 1589; x_wconf 89' lang='lat' dir='ltr'><strong>ah</strong></span> <span class='ocrx_word' id='word_1_91' title='bbox 814 1524 878 1589; x_wconf 93' lang='lat' dir='ltr'><strong>alio</strong></span> <span class='ocrx_word' id='word_1_92' title='bbox 894 1523 1024 1588; x_wconf 89' lang='lat' dir='ltr'><strong>librario</strong></span> <span class='ocrx_word' id='word_1_93' title='bbox 1040 1524 1151 1588; x_wconf 86' lang='lat' dir='ltr'><strong>adsuta</strong></span> <span class='ocrx_word' id='word_1_94' title='bbox 1166 1534 1289 1610; x_wconf 89' lang='lat' dir='ltr'><strong>putare.</strong></span> 
     </span>
     <span class='ocr_line' id='line_1_13' title="bbox 355 1626 1327 1696; baseline -0.004 -3"><span class='ocrx_word' id='word_1_95' title='bbox 355 1629 464 1694; x_wconf 87' lang='lat' dir='ltr'><strong>Maior</strong></span> <span class='ocrx_word' id='word_1_96' title='bbox 492 1639 541 1696; x_wconf 84' lang='lat' dir='ltr'><strong>est</strong></span> <span class='ocrx_word' id='word_1_97' title='bbox 569 1631 610 1696; x_wconf 88' lang='lat' dir='ltr'><strong>de</strong></span> <span class='ocrx_word' id='word_1_98' title='bbox 639 1629 797 1694; x_wconf 89' lang='lat' dir='ltr'><strong>luvenalis</strong></span> <span class='ocrx_word' id='word_1_99' title='bbox 826 1637 929 1692; x_wconf 86' lang='lat' dir='ltr'><strong>morte</strong></span> <span class='ocrx_word' id='word_1_100' title='bbox 957 1631 1040 1692; x_wconf 89' lang='lat' dir='ltr'><strong>inter</strong></span> <span class='ocrx_word' id='word_1_101' title='bbox 1062 1630 1144 1692; x_wconf 84' lang='lat' dir='ltr'><strong>vitas</strong></span> <span class='ocrx_word' id='word_1_102' title='bbox 1168 1626 1239 1690; x_wconf 90' lang='lat' dir='ltr'><strong>illas</strong></span> <span class='ocrx_word' id='word_1_103' title='bbox 1263 1626 1327 1690; x_wconf 90' lang='lat' dir='ltr'><strong>dis-</strong></span> 
     </span>
     <span class='ocr_line' id='line_1_14' title="bbox 268 1729 1328 1813; baseline -0.001 -18"><span class='ocrx_word' id='word_1_104' title='bbox 268 1735 392 1812; x_wconf 85' lang='lat' dir='ltr'><strong>sensio,</strong></span> <span class='ocrx_word' id='word_1_105' title='bbox 420 1735 463 1796; x_wconf 93' lang='lat' dir='ltr'><strong>ita</strong></span> <span class='ocrx_word' id='word_1_106' title='bbox 493 1743 613 1813; x_wconf 89' lang='lat' dir='ltr'><strong>tamen,</strong></span> <span class='ocrx_word' id='word_1_107' title='bbox 642 1743 678 1798; x_wconf 92' lang='lat' dir='ltr'><strong>ut</strong></span> <span class='ocrx_word' id='word_1_108' title='bbox 700 1743 821 1796; x_wconf 89' lang='lat' dir='ltr'><strong>ceteras</strong></span> <span class='ocrx_word' id='word_1_109' title='bbox 845 1753 882 1794; x_wconf 86' lang='lat' dir='ltr'><strong>ex</strong></span> <span class='ocrx_word' id='word_1_110' title='bbox 903 1732 968 1794; x_wconf 83' lang='lat' dir='ltr'><strong>vita</strong></span> <span class='ocrx_word' id='word_1_111' title='bbox 992 1733 1020 1794; x_wconf 90' lang='lat' dir='ltr'><strong>l.</strong></span> <span class='ocrx_word' id='word_1_112' title='bbox 1046 1740 1132 1795; x_wconf 91' lang='lat' dir='ltr'><strong>ortas</strong></span> <span class='ocrx_word' id='word_1_113' title='bbox 1156 1751 1227 1794; x_wconf 90' lang='lat' dir='ltr'><strong>esse</strong></span> <span class='ocrx_word' id='word_1_114' title='bbox 1252 1729 1328 1794; x_wconf 90' lang='lat' dir='ltr'><strong>luce</strong></span> 
     </span>
     <span class='ocr_line' id='line_1_15' title="bbox 269 1832 1329 1923; baseline 0 -25"><span class='ocrx_word' id='word_1_115' title='bbox 269 1834 383 1900; x_wconf 87' lang='lat' dir='ltr'><strong>clarius</strong></span> <span class='ocrx_word' id='word_1_116' title='bbox 405 1838 544 1923; x_wconf 86' lang='lat' dir='ltr'><strong>perspici</strong></span> <span class='ocrx_word' id='word_1_117' title='bbox 565 1839 678 1923; x_wconf 88' lang='lat' dir='ltr'><strong>possit.</strong></span> <span class='ocrx_word' id='word_1_118' title='bbox 713 1837 792 1899; x_wconf 89' lang='lat' dir='ltr'><strong>Vit.</strong></span> <span class='ocrx_word' id='word_1_119' title='bbox 810 1837 838 1898; x_wconf 91' lang='lat'><strong>1.</strong></span> <span class='ocrx_word' id='word_1_120' title='bbox 863 1835 946 1898; x_wconf 87' lang='lat' dir='ltr'><strong>euim</strong></span> <span class='ocrx_word' id='word_1_121' title='bbox 967 1836 1001 1897; x_wconf 93' lang='lat' dir='ltr'><strong>in</strong></span> <span class='ocrx_word' id='word_1_122' title='bbox 1023 1832 1122 1898; x_wconf 89' lang='lat' dir='ltr'><strong>dubio</strong></span> <span class='ocrx_word' id='word_1_123' title='bbox 1136 1832 1264 1898; x_wconf 87' lang='lat' dir='ltr'><strong>videtur</strong></span> <span class='ocrx_word' id='word_1_124' title='bbox 1277 1855 1329 1898; x_wconf 85' lang='lat' dir='ltr'><strong>re-</strong></span> 
     </span>
     <span class='ocr_line' id='line_1_16' title="bbox 268 1935 1381 2023; baseline 0.002 -23"><span class='ocrx_word' id='word_1_125' title='bbox 268 1935 421 2022; x_wconf 89' lang='lat' dir='ltr'><strong>linquere,</strong></span> <span class='ocrx_word' id='word_1_126' title='bbox 443 1949 548 2004; x_wconf 88' lang='lat' dir='ltr'><strong>utrum</strong></span> <span class='ocrx_word' id='word_1_127' title='bbox 570 1938 700 2004; x_wconf 87' lang='lat' dir='ltr'><strong>redierit</strong></span> <span class='ocrx_word' id='word_1_128' title='bbox 722 1941 755 2001; x_wconf 93' lang='lat' dir='ltr'><strong>in</strong></span> <span class='ocrx_word' id='word_1_129' title='bbox 777 1939 910 2023; x_wconf 90' lang='lat' dir='ltr'><strong>patriam</strong></span> <span class='ocrx_word' id='word_1_130' title='bbox 934 1957 974 2000; x_wconf 89' lang='lat' dir='ltr'><strong>an</strong></span> <span class='ocrx_word' id='word_1_131' title='bbox 994 1939 1028 2000; x_wconf 91' lang='lat' dir='ltr'><strong>in</strong></span> <span class='ocrx_word' id='word_1_132' title='bbox 1044 1936 1139 2002; x_wconf 85' lang='lat' dir='ltr'><strong>exilio</strong></span> <span class='ocrx_word' id='word_1_133' title='bbox 1156 1937 1327 2002; x_wconf 84' lang='lat' dir='ltr'><strong>defunctus</strong></span> <span class='ocrx_word' id='word_1_134' title='bbox 1375 1952 1381 1963; x_wconf 76' lang='lat'><strong><em>¹</em></strong></span> 
     </span>
     <span class='ocr_line' id='line_1_17' title="bbox 267 2027 1330 2126; baseline 0.001 -25"><span class='ocrx_word' id='word_1_135' title='bbox 267 2041 316 2118; x_wconf 91' lang='lat' dir='ltr'><strong>sit,</strong></span> <span class='ocrx_word' id='word_1_136' title='bbox 339 2027 434 2124; x_wconf 66' lang='lat' dir='ltr'><strong>fluum</strong></span> <span class='ocrx_word' id='word_1_137' title='bbox 453 2041 544 2120; x_wconf 81' lang='lat' dir='ltr'><strong>dicat,</strong></span> <span class='ocrx_word' id='word_1_138' title='bbox 567 2062 647 2119; x_wconf 88' lang='lat' dir='ltr'><strong>eum,</strong></span> <span class='ocrx_word' id='word_1_139' title='bbox 671 2063 856 2126; x_wconf 90' lang='lat' dir='ltr'><strong>quamquam</strong></span> <span class='ocrx_word' id='word_1_140' title='bbox 879 2043 1119 2126; x_wconf 80' lang='lat' dir='ltr'><strong>octogenarium</strong></span> <span class='ocrx_word' id='word_1_141' title='bbox 1142 2040 1222 2104; x_wconf 89' lang='lat' dir='ltr'><strong>urhe</strong></span> <span class='ocrx_word' id='word_1_142' title='bbox 1242 2061 1330 2103; x_wconf 90' lang='lat' dir='ltr'><strong>sum·</strong></span> 
     </span>
     <span class='ocr_line' id='line_1_18' title="bbox 268 2142 1327 2222; baseline 0.001 -17"><span class='ocrx_word' id='word_1_143' title='bbox 268 2151 388 2208; x_wconf 89' lang='lat' dir='ltr'><strong>motum</strong></span> <span class='ocrx_word' id='word_1_144' title='bbox 418 2153 503 2220; x_wconf 85' lang='lat' dir='ltr'><strong>esse,</strong></span> <span class='ocrx_word' id='word_1_145' title='bbox 531 2151 563 2207; x_wconf 91' lang='lat' dir='ltr'><strong>et</strong></span> <span class='ocrx_word' id='word_1_146' title='bbox 591 2146 694 2208; x_wconf 90' lang='lat' dir='ltr'><strong>statim</strong></span> <span class='ocrx_word' id='word_1_147' title='bbox 724 2144 820 2210; x_wconf 91' lang='lat' dir='ltr'><strong>addat</strong></span> <span class='ocrx_word' id='word_1_148' title='bbox 846 2165 971 2222; x_wconf 89' lang='lat' dir='ltr'><strong>„verum</strong></span> <span class='ocrx_word' id='word_1_149' title='bbox 997 2145 1080 2208; x_wconf 89' lang='lat' dir='ltr'><strong>intra</strong></span> <span class='ocrx_word' id='word_1_150' title='bbox 1106 2142 1327 2207; x_wconf 87' lang='lat' dir='ltr'><strong>brevissimum</strong></span> 
     </span>
     <span class='ocr_line' id='line_1_19' title="bbox 268 2245 1327 2334; baseline 0 -24"><span class='ocrx_word' id='word_1_151' title='bbox 268 2255 416 2332; x_wconf 84' lang='lat' dir='ltr'><strong>„tempus</strong></span> <span class='ocrx_word' id='word_1_152' title='bbox 440 2266 593 2334; x_wconf 83' lang='lat' dir='ltr'><strong>angore</strong></span> <span class='ocrx_word' id='word_1_153' title='bbox 617 2257 650 2312; x_wconf 91' lang='lat' dir='ltr'><strong>et</strong></span> <span class='ocrx_word' id='word_1_154' title='bbox 671 2247 779 2312; x_wconf 89' lang='lat' dir='ltr'><strong>taedio</strong></span> <span class='ocrx_word' id='word_1_155' title='bbox 801 2251 924 2334; x_wconf 89' lang='lat' dir='ltr'><strong>periit.“</strong></span> <span class='ocrx_word' id='word_1_156' title='bbox 963 2248 1011 2311; x_wconf 83' lang='lat' dir='ltr'><strong>Ex</strong></span> <span class='ocrx_word' id='word_1_157' title='bbox 1033 2247 1093 2311; x_wconf 88' lang='lat' dir='ltr'><strong>hac</strong></span> <span class='ocrx_word' id='word_1_158' title='bbox 1114 2249 1248 2333; x_wconf 90' lang='lat' dir='ltr'><strong>primum</strong></span> <span class='ocrx_word' id='word_1_159' title='bbox 1271 2245 1327 2310; x_wconf 86' lang='lat' dir='ltr'><strong>de-</strong></span> 
     </span>
     <span class='ocr_line' id='line_1_20' title="bbox 269 2351 1328 2437; baseline 0.002 -25"><span class='ocrx_word' id='word_1_160' title='bbox 269 2353 403 2434; x_wconf 89' lang='lat' dir='ltr'><strong>sumpsit</strong></span> <span class='ocrx_word' id='word_1_161' title='bbox 423 2352 560 2433; x_wconf 88' lang='lat' dir='ltr'><strong>scriptor</strong></span> <span class='ocrx_word' id='word_1_162' title='bbox 582 2353 690 2415; x_wconf 85' lang='lat' dir='ltr'><strong>vitae</strong></span> <span class='ocrx_word' id='word_1_163' title='bbox 712 2354 758 2415; x_wconf 69' lang='lat'><strong>2:</strong></span> <span class='ocrx_word' id='word_1_164' title='bbox 780 2351 939 2430; x_wconf 70' lang='lat' dir='ltr'><strong>„tandem</strong></span> <span class='ocrx_word' id='word_1_165' title='bbox 963 2373 1058 2437; x_wconf 91' lang='lat' dir='ltr'><strong>quum</strong></span> <span class='ocrx_word' id='word_1_166' title='bbox 1080 2353 1215 2416; x_wconf 85' lang='lat' dir='ltr'><strong>Romam</strong></span> <span class='ocrx_word' id='word_1_167' title='bbox 1237 2353 1328 2414; x_wconf 88' lang='lat' dir='ltr'><strong>veni-</strong></span> 
     </span>
     <span class='ocr_line' id='line_1_21' title="bbox 267 2448 1327 2532; baseline 0.007 -21"><span class='ocrx_word' id='word_1_168' title='bbox 267 2459 340 2527; x_wconf 90' lang='lat' dir='ltr'><strong>„ret</strong></span> <span class='ocrx_word' id='word_1_169' title='bbox 369 2459 400 2511; x_wconf 90' lang='lat' dir='ltr'><strong>et</strong></span> <span class='ocrx_word' id='word_1_170' title='bbox 422 2448 600 2512; x_wconf 86' lang='lat' dir='ltr'><strong>Martialem</strong></span> <span class='ocrx_word' id='word_1_171' title='bbox 623 2473 714 2514; x_wconf 88' lang='lat' dir='ltr'><strong>suum</strong></span> <span class='ocrx_word' id='word_1_172' title='bbox 738 2473 804 2515; x_wconf 89' lang='lat' dir='ltr'><strong>non</strong></span> <span class='ocrx_word' id='word_1_173' title='bbox 828 2455 966 2532; x_wconf 88' lang='lat' dir='ltr'><strong>videret,</strong></span> <span class='ocrx_word' id='word_1_174' title='bbox 988 2458 1032 2518; x_wconf 91' lang='lat' dir='ltr'><strong>ita</strong></span> <span class='ocrx_word' id='word_1_175' title='bbox 1055 2458 1180 2519; x_wconf 87' lang='lat' dir='ltr'><strong>tristitia</strong></span> <span class='ocrx_word' id='word_1_176' title='bbox 1204 2465 1236 2520; x_wconf 88' lang='lat' dir='ltr'><strong>et</strong></span> <span class='ocrx_word' id='word_1_177' title='bbox 1259 2475 1327 2518; x_wconf 90' lang='lat' dir='ltr'><strong>an-</strong></span> 
     </span>
     <span class='ocr_line' id='line_1_22' title="bbox 268 2550 1326 2644; baseline 0.007 -29"><span class='ocrx_word' id='word_1_178' title='bbox 268 2571 393 2637; x_wconf 82' lang='lat' dir='ltr'><strong>„gore</strong></span> <span class='ocrx_word' id='word_1_179' title='bbox 407 2550 502 2636; x_wconf 89' lang='lat' dir='ltr'><strong>periit</strong></span> <span class='ocrx_word' id='word_1_180' title='bbox 517 2570 602 2614; x_wconf 89' lang='lat' dir='ltr'><strong>anuo</strong></span> <span class='ocrx_word' id='word_1_181' title='bbox 619 2550 730 2616; x_wconf 86' lang='lat' dir='ltr'><strong>aetatis</strong></span> <span class='ocrx_word' id='word_1_182' title='bbox 746 2575 823 2617; x_wconf 89' lang='lat' dir='ltr'><strong>suae</strong></span> <span class='ocrx_word' id='word_1_183' title='bbox 839 2553 940 2619; x_wconf 90' lang='lat' dir='ltr'><strong>altero</strong></span> <span class='ocrx_word' id='word_1_184' title='bbox 958 2569 990 2620; x_wconf 90' lang='lat' dir='ltr'><strong>et</strong></span> <span class='ocrx_word' id='word_1_185' title='bbox 1004 2559 1326 2644; x_wconf 62' lang='lat' dir='ltr'><strong>octuagesimof‘ln-</strong></span> 
     </span>
     <span class='ocr_line' id='line_1_23' title="bbox 268 2653 1327 2749; baseline 0.008 -31"><span class='ocrx_word' id='word_1_186' title='bbox 268 2653 405 2719; x_wconf 85' lang='lat' dir='ltr'><strong>sulcavit</strong></span> <span class='ocrx_word' id='word_1_187' title='bbox 427 2653 540 2717; x_wconf 90' lang='lat' dir='ltr'><strong>doctus</strong></span> <span class='ocrx_word' id='word_1_188' title='bbox 564 2655 614 2718; x_wconf 93' lang='lat' dir='ltr'><strong>hic</strong></span> <span class='ocrx_word' id='word_1_189' title='bbox 636 2655 783 2720; x_wconf 90' lang='lat' dir='ltr'><strong>librarius</strong></span> <span class='ocrx_word' id='word_1_190' title='bbox 799 2655 987 2738; x_wconf 85' lang='lat' dir='ltr'><strong>Martialem,</strong></span> <span class='ocrx_word' id='word_1_191' title='bbox 1009 2663 1097 2724; x_wconf 90' lang='lat' dir='ltr'><strong>cuius</strong></span> <span class='ocrx_word' id='word_1_192' title='bbox 1114 2682 1152 2724; x_wconf 86' lang='lat' dir='ltr'><strong>ex</strong></span> <span class='ocrx_word' id='word_1_193' title='bbox 1169 2665 1327 2749; x_wconf 82' lang='lat' dir='ltr'><strong>epigram-</strong></span> 
     </span>
     <span class='ocr_line' id='line_1_24' title="bbox 268 2755 1327 2842; baseline 0.006 -20"><span class='ocrx_word' id='word_1_194' title='bbox 268 2760 358 2822; x_wconf 90' lang='lat' dir='ltr'><strong>matis</strong></span> <span class='ocrx_word' id='word_1_195' title='bbox 373 2757 427 2839; x_wconf 86' lang='lat' dir='ltr'><strong>(cl.</strong></span> <span class='ocrx_word' id='word_1_196' title='bbox 439 2755 513 2821; x_wconf 90' lang='lat' dir='ltr'><strong>Vll.</strong></span> <span class='ocrx_word' id='word_1_197' title='bbox 528 2758 581 2822; x_wconf 77' lang='grc'><strong>24.</strong></span> <span class='ocrx_word' id='word_1_198' title='bbox 600 2762 675 2840; x_wconf 88' lang='lat' dir='ltr'><strong>etc.)</strong></span> <span class='ocrx_word' id='word_1_199' title='bbox 691 2769 861 2842; x_wconf 89' lang='lat' dir='ltr'><strong>constaret,</strong></span> <span class='ocrx_word' id='word_1_200' title='bbox 876 2785 948 2828; x_wconf 91' lang='lat' dir='ltr'><strong>eum</strong></span> <span class='ocrx_word' id='word_1_201' title='bbox 963 2763 1123 2830; x_wconf 88' lang='lat' dir='ltr'><strong>luvenalis</strong></span> <span class='ocrx_word' id='word_1_202' title='bbox 1138 2765 1236 2830; x_wconf 85' lang='lat' dir='ltr'><strong>fuisse</strong></span> <span class='ocrx_word' id='word_1_203' title='bbox 1250 2769 1327 2828; x_wconf 90' lang='lat' dir='ltr'><strong>ami-</strong></span> 
     </span>
     <span class='ocr_line' id='line_1_25' title="bbox 269 2859 1325 2953; baseline 0.009 -30"><span class='ocrx_word' id='word_1_204' title='bbox 269 2883 349 2924; x_wconf 90' lang='lat' dir='ltr'><strong>cum.</strong></span> <span class='ocrx_word' id='word_1_205' title='bbox 373 2859 497 2926; x_wconf 88' lang='lat' dir='ltr'><strong>Contra</strong></span> <span class='ocrx_word' id='word_1_206' title='bbox 509 2863 549 2925; x_wconf 90' lang='lat' dir='ltr'><strong>&#39;in</strong></span> <span class='ocrx_word' id='word_1_207' title='bbox 562 2867 715 2948; x_wconf 83' lang='lat' dir='ltr'><strong>Aegypto</strong></span> <span class='ocrx_word' id='word_1_208' title='bbox 733 2867 919 2930; x_wconf 88' lang='lat' dir='ltr'><strong>morientem</strong></span> <span class='ocrx_word' id='word_1_209' title='bbox 936 2866 1028 2930; x_wconf 85' lang='lat' dir='ltr'><strong>finxit</strong></span> <span class='ocrx_word' id='word_1_210' title='bbox 1045 2879 1173 2953; x_wconf 92' lang='lat' dir='ltr'><strong>poetam</strong></span> <span class='ocrx_word' id='word_1_211' title='bbox 1191 2872 1258 2931; x_wconf 89' lang='lat' dir='ltr'><strong>vit.</strong></span> <span class='ocrx_word' id='word_1_212' title='bbox 1277 2871 1325 2932; x_wconf 79' lang='lat'><strong>3.=</strong></span> 
     </span>
     <span class='ocr_line' id='line_1_26' title="bbox 268 2963 1325 3052; baseline 0.003 -25"><span class='ocrx_word' id='word_1_213' title='bbox 268 2963 439 3042; x_wconf 84' lang='lat' dir='ltr'><strong>„Exulavit</strong></span> <span class='ocrx_word' id='word_1_214' title='bbox 453 2966 487 3029; x_wconf 90' lang='lat' dir='ltr'><strong>in</strong></span> <span class='ocrx_word' id='word_1_215' title='bbox 502 2965 655 3052; x_wconf 81' lang='lat' dir='ltr'><strong>Aegypto</strong></span> <span class='ocrx_word' id='word_1_216' title='bbox 677 2986 738 3030; x_wconf 91' lang='lat' dir='ltr'><strong>nec</strong></span> <span class='ocrx_word' id='word_1_217' title='bbox 759 2965 835 3029; x_wconf 89' lang='lat' dir='ltr'><strong>inde</strong></span> <span class='ocrx_word' id='word_1_218' title='bbox 857 2987 875 3028; x_wconf 92' lang='lat' dir='ltr'><strong>a</strong></span> <span class='ocrx_word' id='word_1_219' title='bbox 897 2970 990 3030; x_wconf 86' lang='lat' dir='ltr'><strong>novis</strong></span> <span class='ocrx_word' id='word_1_220' title='bbox 1013 2969 1207 3051; x_wconf 87' lang='lat' dir='ltr'><strong>principibus</strong></span> <span class='ocrx_word' id='word_1_221' title='bbox 1229 2987 1325 3031; x_wconf 89' lang='lat' dir='ltr'><strong>revo-</strong></span> 
     </span>
     <span class='ocr_line' id='line_1_27' title="bbox 268 3067 1324 3155; baseline 0.002 -23"><span class='ocrx_word' id='word_1_222' title='bbox 268 3118 284 3147; x_wconf 92' lang='lat'><strong>,‚</strong></span> <span class='ocrx_word' id='word_1_223' title='bbox 293 3078 379 3134; x_wconf 89' lang='lat' dir='ltr'><strong>catus</strong></span> <span class='ocrx_word' id='word_1_224' title='bbox 404 3079 460 3133; x_wconf 90' lang='lat' dir='ltr'><strong>est.</strong></span> <span class='ocrx_word' id='word_1_225' title='bbox 506 3068 543 3131; x_wconf 91' lang='lat' dir='ltr'><strong>ln</strong></span> <span class='ocrx_word' id='word_1_226' title='bbox 574 3067 668 3133; x_wconf 87' lang='lat' dir='ltr'><strong>exilio</strong></span> <span class='ocrx_word' id='word_1_227' title='bbox 697 3067 859 3155; x_wconf 89' lang='lat' dir='ltr'><strong>ampliavit</strong></span> <span class='ocrx_word' id='word_1_228' title='bbox 887 3071 996 3132; x_wconf 89' lang='lat' dir='ltr'><strong>satiras</strong></span> <span class='ocrx_word' id='word_1_229' title='bbox 1025 3079 1057 3132; x_wconf 88' lang='lat' dir='ltr'><strong>et</strong></span> <span class='ocrx_word' id='word_1_230' title='bbox 1081 3067 1234 3154; x_wconf 87' lang='lat' dir='ltr'><strong>pleraque</strong></span> <span class='ocrx_word' id='word_1_231' title='bbox 1257 3091 1324 3134; x_wconf 91' lang='lat' dir='ltr'><strong>mu-</strong></span> 
     </span>
     <span class='ocr_line' id='line_1_28' title="bbox 268 3172 1323 3259; baseline -0.001 -23"><span class='ocrx_word' id='word_1_232' title='bbox 268 3175 369 3251; x_wconf 88' lang='lat' dir='ltr'><strong>„tavit</strong></span> <span class='ocrx_word' id='word_1_233' title='bbox 395 3172 619 3259; x_wconf 87' lang='lat' dir='ltr'><strong>invehiturque</strong></span> <span class='ocrx_word' id='word_1_234' title='bbox 647 3175 682 3238; x_wconf 85' lang='lat' dir='ltr'><strong>in</strong></span> <span class='ocrx_word' id='word_1_235' title='bbox 710 3177 833 3238; x_wconf 89' lang='lat' dir='ltr'><strong>cineres</strong></span> <span class='ocrx_word' id='word_1_236' title='bbox 855 3174 1031 3238; x_wconf 89' lang='lat' dir='ltr'><strong>Domitiani</strong></span> <span class='ocrx_word' id='word_1_237' title='bbox 1059 3176 1135 3254; x_wconf 87' lang='lat' dir='ltr'><strong>(sat.</strong></span> <span class='ocrx_word' id='word_1_238' title='bbox 1157 3174 1216 3235; x_wconf 88' lang='lat' dir='ltr'><strong>lV.</strong></span> <span class='ocrx_word' id='word_1_239' title='bbox 1238 3174 1323 3254; x_wconf 85' lang='lat'>37.).</span> 
     </span>
     <span class='ocr_line' id='line_1_29' title="bbox 267 3274 1326 3362; baseline 0.001 -23"><span class='ocrx_word' id='word_1_240' title='bbox 267 3276 438 3356; x_wconf 85' lang='lat' dir='ltr'><strong>„Decessit</strong></span> <span class='ocrx_word' id='word_1_241' title='bbox 466 3274 568 3362; x_wconf 87' lang='lat' dir='ltr'><strong>longo</strong></span> <span class='ocrx_word' id='word_1_242' title='bbox 595 3279 686 3340; x_wconf 90' lang='lat' dir='ltr'><strong>senio</strong></span> <span class='ocrx_word' id='word_1_243' title='bbox 710 3276 875 3342; x_wconf 85' lang='lat' dir='ltr'><strong>conlectus</strong></span> <span class='ocrx_word' id='word_1_244' title='bbox 900 3275 971 3340; x_wconf 85' lang='lat' dir='ltr'><strong>exul</strong></span> <span class='ocrx_word' id='word_1_245' title='bbox 993 3279 1159 3342; x_wconf 85' lang='lat' dir='ltr'><strong>Antonino</strong></span> <span class='ocrx_word' id='word_1_246' title='bbox 1182 3277 1241 3340; x_wconf 90' lang='lat' dir='ltr'><strong>Pio</strong></span> <span class='ocrx_word' id='word_1_247' title='bbox 1270 3279 1326 3340; x_wconf 90' lang='lat' dir='ltr'><strong>im-</strong></span> 
     </span>
     <span class='ocr_line' id='line_1_30' title="bbox 268 3379 1325 3466; baseline 0.006 -29"><span class='ocrx_word' id='word_1_248' title='bbox 268 3381 450 3461; x_wconf 89' lang='lat' dir='ltr'><strong>„perante.“</strong></span> <span class='ocrx_word' id='word_1_249' title='bbox 483 3379 563 3441; x_wconf 83' lang='lat' dir='ltr'><strong>vit.</strong></span> <span class='ocrx_word' id='word_1_250' title='bbox 585 3381 625 3457; x_wconf 75' lang='lat' dir='ltr'><strong>i,</strong></span> <span class='ocrx_word' id='word_1_251' title='bbox 649 3398 729 3465; x_wconf 88' lang='lat' dir='ltr'><strong>quae</strong></span> <span class='ocrx_word' id='word_1_252' title='bbox 751 3379 893 3457; x_wconf 79' lang='lat' dir='ltr'><strong>finxerat,</strong></span> <span class='ocrx_word' id='word_1_253' title='bbox 916 3401 986 3444; x_wconf 87' lang='lat' dir='ltr'><strong>eum</strong></span> <span class='ocrx_word' id='word_1_254' title='bbox 1009 3380 1204 3466; x_wconf 84' lang='lat' dir='ltr'><strong>praelectum</strong></span> <span class='ocrx_word' id='word_1_255' title='bbox 1226 3379 1325 3443; x_wconf 86' lang='lat' dir='ltr'><strong>fuisse</strong></span> 
     </span>
    </p>
   </div>
   <div class='ocr_carea' id='block_1_3' title="bbox 267 3479 1325 3692">
    <p class='ocr_par' dir='ltr' id='par_1_3' title="bbox 267 3479 1325 3692">
     <span class='ocr_line' id='line_1_31' title="bbox 267 3479 1325 3568; baseline 0.002 -24"><span class='ocrx_word' id='word_1_256' title='bbox 267 3479 431 3559; x_wconf 87' lang='lat' dir='ltr'><strong>„cohortis</strong></span> <span class='ocrx_word' id='word_1_257' title='bbox 454 3487 567 3542; x_wconf 90' lang='lat' dir='ltr'><strong>contra</strong></span> <span class='ocrx_word' id='word_1_258' title='bbox 589 3480 715 3558; x_wconf 90' lang='lat' dir='ltr'><strong>Scotos,</strong></span> <span class='ocrx_word' id='word_1_259' title='bbox 737 3481 809 3559; x_wconf 86' lang='lat' dir='ltr'><strong>„Ex</strong></span> <span class='ocrx_word' id='word_1_260' title='bbox 831 3502 894 3566; x_wconf 93' lang='lat' dir='ltr'><strong>quo</strong></span> <span class='ocrx_word' id='word_1_261' title='bbox 919 3481 1068 3547; x_wconf 82' lang='lat' dir='ltr'><strong>ellectum</strong></span> <span class='ocrx_word' id='word_1_262' title='bbox 1091 3494 1147 3562; x_wconf 88' lang='lat' dir='ltr'><strong>est,</strong></span> <span class='ocrx_word' id='word_1_263' title='bbox 1169 3492 1205 3546; x_wconf 89' lang='lat' dir='ltr'><strong>ut</strong></span> <span class='ocrx_word' id='word_1_264' title='bbox 1226 3492 1325 3568; x_wconf 88' lang='lat' dir='ltr'><strong>poeta</strong></span> 
     </span>
     <span class='ocr_line' id='line_1_32' title="bbox 268 3585 1325 3692; baseline 0.003 -44"><span class='ocrx_word' id='word_1_265' title='bbox 268 3585 391 3662; x_wconf 90' lang='lat' dir='ltr'><strong>„animo</strong></span> <span class='ocrx_word' id='word_1_266' title='bbox 405 3591 625 3692; x_wconf 70' lang='lat' dir='ltr'><strong>consternatus</strong></span> <span class='ocrx_word' id='word_1_267' title='bbox 640 3606 678 3649; x_wconf 88' lang='lat' dir='ltr'><strong>ex</strong></span> <span class='ocrx_word' id='word_1_268' title='bbox 690 3585 803 3648; x_wconf 90' lang='lat' dir='ltr'><strong>mentis</strong></span> <span class='ocrx_word' id='word_1_269' title='bbox 815 3585 1015 3672; x_wconf 85' lang='lat' dir='ltr'><strong>aegritudine</strong></span> <span class='ocrx_word' id='word_1_270' title='bbox 1026 3586 1120 3666; x_wconf 80' lang='lat' dir='ltr'><strong>simul</strong></span> <span class='ocrx_word' id='word_1_271' title='bbox 1132 3586 1239 3654; x_wconf 89' lang='lat' dir='ltr'><strong>obiit.“</strong></span> <span class='ocrx_word' id='word_1_272' title='bbox 1249 3588 1325 3669; x_wconf 90' lang='lat' dir='ltr'><strong>(sio)</strong></span> 
     </span>
    </p>
   </div>
   <div class='ocr_carea' id='block_1_4' title="bbox 266 3848 1324 4016">
    <p class='ocr_par' dir='ltr' id='par_1_4' title="bbox 266 3848 1324 4016">
     <span class='ocr_line' id='line_1_33' title="bbox 338 3848 1324 3930; baseline 0.008 -26"><span class='ocrx_word' id='word_1_273' title='bbox 338 3850 374 3918; x_wconf 91' lang='lat' dir='ltr'><strong>l)</strong></span> <span class='ocrx_word' id='word_1_274' title='bbox 405 3848 509 3908; x_wconf 83' lang='lat' dir='ltr'><strong>Auctor</strong></span> <span class='ocrx_word' id='word_1_275' title='bbox 532 3853 612 3912; x_wconf 90' lang='lat' dir='ltr'><strong>huius</strong></span> <span class='ocrx_word' id='word_1_276' title='bbox 631 3855 702 3911; x_wconf 88' lang='lat' dir='ltr'><strong>vitae</strong></span> <span class='ocrx_word' id='word_1_277' title='bbox 721 3873 755 3910; x_wconf 89' lang='lat' dir='ltr'><strong>ne</strong></span> <span class='ocrx_word' id='word_1_278' title='bbox 773 3852 940 3911; x_wconf 84' lang='lat' dir='ltr'><strong>intellexisse</strong></span> <span class='ocrx_word' id='word_1_279' title='bbox 959 3856 1067 3930; x_wconf 88' lang='lat' dir='ltr'><strong>quidem</strong></span> <span class='ocrx_word' id='word_1_280' title='bbox 1085 3858 1192 3914; x_wconf 82' lang='lat' dir='ltr'><strong>videtur</strong></span> <span class='ocrx_word' id='word_1_281' title='bbox 1209 3858 1281 3910; x_wconf 86' lang='lat' dir='ltr'><strong>vitae</strong></span> <span class='ocrx_word' id='word_1_282' title='bbox 1300 3861 1324 3912; x_wconf 92' lang='lat' dir='ltr'><strong>l.</strong></span> 
     </span>
     <span class='ocr_line' id='line_1_34' title="bbox 266 3934 1324 4016; baseline 0.008 -27"><span class='ocrx_word' id='word_1_283' title='bbox 266 3934 358 4002; x_wconf 82' lang='lat' dir='ltr'><strong>verba,</strong></span> <span class='ocrx_word' id='word_1_284' title='bbox 378 3955 446 4010; x_wconf 83' lang='lat' dir='ltr'><strong>quae</strong></span> <span class='ocrx_word' id='word_1_285' title='bbox 464 3941 619 4016; x_wconf 84' lang='lat' dir='ltr'><strong>exscripsit,</strong></span> <span class='ocrx_word' id='word_1_286' title='bbox 639 3959 719 4016; x_wconf 87' lang='lat' dir='ltr'><strong>quum</strong></span> <span class='ocrx_word' id='word_1_287' title='bbox 736 3939 874 4007; x_wconf 87' lang='lat' dir='ltr'><strong>‚‚tendere</strong></span> <span class='ocrx_word' id='word_1_288' title='bbox 892 3943 919 3996; x_wconf 91' lang='lat' dir='ltr'><strong>in</strong></span> <span class='ocrx_word' id='word_1_289' title='bbox 938 3939 1086 4016; x_wconf 78' lang='lat' dir='ltr'><strong>Acgypto“</strong></span> <span class='ocrx_word' id='word_1_290' title='bbox 1106 3939 1141 3996; x_wconf 77' lang='lat' dir='ltr'><strong>de</strong></span> <span class='ocrx_word' id='word_1_291' title='bbox 1157 3942 1192 3996; x_wconf 90' lang='lat' dir='ltr'><strong>iis</strong></span> <span class='ocrx_word' id='word_1_292' title='bbox 1211 3939 1324 4009; x_wconf 88' lang='lat' dir='ltr'><strong>dicatur,</strong></span> 
     </span>
    </p>
   </div>
   <div class='ocr_carea' id='block_1_5' title="bbox 235 4017 1325 4180">
    <p class='ocr_par' dir='ltr' id='par_1_5' title="bbox 235 4017 1325 4180">
     <span class='ocr_line' id='line_1_35' title="bbox 235 4017 1325 4102; baseline 0.008 -29"><span class='ocrx_word' id='word_1_293' title='bbox 235 4017 238 4024; x_wconf 84' lang='lat'>&#39;</span> <span class='ocrx_word' id='word_1_294' title='bbox 268 4019 315 4094; x_wconf 89' lang='lat' dir='ltr'><strong>qui</strong></span> <span class='ocrx_word' id='word_1_295' title='bbox 339 4021 470 4078; x_wconf 87' lang='lat' dir='ltr'><strong>stationes</strong></span> <span class='ocrx_word' id='word_1_296' title='bbox 493 4025 531 4081; x_wconf 91' lang='lat' dir='ltr'><strong>ibi</strong></span> <span class='ocrx_word' id='word_1_297' title='bbox 555 4025 666 4093; x_wconf 86' lang='lat' dir='ltr'><strong>hahent,</strong></span> <span class='ocrx_word' id='word_1_298' title='bbox 692 4022 829 4096; x_wconf 82' lang='lat' dir='ltr'><strong>„tendere</strong></span> <span class='ocrx_word' id='word_1_299' title='bbox 851 4024 885 4079; x_wconf 87' lang='lat' dir='ltr'><strong>ad</strong></span> <span class='ocrx_word' id='word_1_300' title='bbox 903 4022 1078 4098; x_wconf 77' lang='lat' dir='ltr'><strong>Aegyptum“</strong></span> <span class='ocrx_word' id='word_1_301' title='bbox 1098 4024 1133 4082; x_wconf 85' lang='lat' dir='ltr'><strong>de</strong></span> <span class='ocrx_word' id='word_1_302' title='bbox 1153 4027 1201 4094; x_wconf 82' lang='lat' dir='ltr'><strong>iis,</strong></span> <span class='ocrx_word' id='word_1_303' title='bbox 1225 4029 1270 4102; x_wconf 82' lang='lat' dir='ltr'><strong>qui</strong></span> <span class='ocrx_word' id='word_1_304' title='bbox 1291 4047 1325 4083; x_wconf 89' lang='lat' dir='ltr'><strong>eo</strong></span> 
     </span>
     <span class='ocr_line' id='line_1_36' title="bbox 268 4104 1032 4180; baseline -0.005 -19"><span class='ocrx_word' id='word_1_305' title='bbox 268 4104 485 4180; x_wconf 85' lang='lat' dir='ltr'><strong>proficiscuntur.</strong></span> <span class='ocrx_word' id='word_1_306' title='bbox 1028 4123 1032 4132; x_wconf 74' lang='lat'><strong>,</strong></span> 
     </span>
    </p>
   </div>
   <div class='ocr_carea' id='block_1_6' title="bbox 0 0 1499 4700">
    <p class='ocr_par' dir='ltr' id='par_1_6' title="bbox 0 0 1499 4700">
     <span class='ocr_line' id='line_1_37' title="bbox 0 0 1499 4700; baseline 0 0"><span class='ocrx_word' id='word_1_307' title='bbox 0 0 1499 4700; x_wconf 95' lang='lat' dir='ltr'><strong> </strong></span> 
     </span>
    </p>
   </div>
  </div>
 </body>
</html>
