2980 4700
247 340 294 412 12

348 525 443 578 lutare
462 521 616 578 abvoeeaui
634 523 721 575 (tellis
742 522 913 576 venientibus
931 527 960 576 et
976 525 1019 576 d'u

351 605 475 662 Officium
493 610 565 661 vatis
582 609 791 680 peragentibuq,
810 610 852 661 his
869 611 974 663 monuit
990 623 1050 664 nos.

352 699 429 748 Hane
446 697 527 747 rebus
545 695 634 746 Latiis
652 708 745 746 euram
762 701 903 759 praestare
922 697 1029 747 uolebat

353 781 460 834 Fictilis
479 785 507 832 et
524 781 599 832 nullo
618 779 736 832 violatus
754 781 877 845 iuppiter
894 795 971 834 auro.

246 891 464 958 Emendarunt
486 895 546 956 viri
569 891 656 955 docti
678 889 758 955 illud
779 893 850 970 „his
858 898 874 926 “
896 916 926 956 v.
944 895 1027 970 llt„
1050 888 1136 978 quod
1158 891 1204 952 sic
1226 888 1301 952 ferri

243 999 367 1082 nequit:
396 987 429 1058 in
451 994 544 1072 ‚,hic“,
569 993 671 1071 ‚,h0s“,
697 993 805 1071 ‚,hinc“
829 1003 897 1073 ete,
920 1015 1016 1079 quum
1039 992 1301 1078 simplicissimum

244 1101 297 1177 sit,
327 1106 445 1162 mutata
468 1105 588 1160 tantum
610 1098 884 1181 interpunctione,
907 1095 1005 1160 verba
1027 1098 1070 1160 ita
1093 1097 1299 1182 coniungere.

281 1233 452 1294 'templorum
471 1242 576 1294 quoque
594 1229 724 1281 maiestas
741 1230 913 1294 praesentior
930 1233 959 1282 et
975 1243 1031 1281 vox

280 1319 367 1368 Nocte
385 1318 444 1367 fere
461 1315 551 1366 media
567 1316 736 1380 mediamque
754 1316 846 1367 audita
864 1311 921 1382 (se.
941 1309 1000 1376 est)
1018 1327 1068 1378 per
1087 1316 1194 1382 Urbem,

279 1403 374 1454 Litore
393 1403 426 1453 ab
446 1401 550 1454 Oceani
568 1399 655 1452 Gallia
674 1400 843 1451 venientibus
861 1406 890 1450 et
907 1401 949 1450 dis

282 1485 407 1540 officium
429 1486 501 1537 vatis
523 1484 725 1548 peragentibus.
762 1485 812 1535 His
833 1483 936 1534 monuit
960 1497 1026 1552 nos,
1049 1479 1107 1550 (se.
1130 1485 1181 1534 hae
1203 1493 1273 1532 voce

796 1567 911 1633 situque
928 1567 1019 1633 euris)

280 1660 357 1708 Hune
374 1658 456 1708 rebus
472 1656 561 1707 battis
579 1668 673 1708 euram
691 1659 832 1718 praestare
849 1656 956 1708 solebat

279 1741 386 1793 Fictilis
404 1745 433 1792 et
450 1743 526 1793 nullo
543 1742 664 1793 violatus
682 1743 802 1806 Iuppiter
820 1753 897 1796 auro.

244 1854 310 1916 lam
331 1855 430 1940 igitur
452 1852 492 1916 ad
515 1852 691 1917 nonnullos
713 1874 832 1932 versus,
859 1873 993 1938 quorum
1016 1862 1070 1917 aut
1090 1855 1125 1916 in
1147 1853 1300 1934 interpre-

179 2027 184 2034 ,
244 1958 366 2018 tatione
396 1966 451 2020 aut
477 1959 511 2018 in
539 1958 694 2040 scriptura
723 1979 741 2019 a
767 1957 985 2041 superioribus
1007 1953 1234 2022 discedendum
1256 1954 1302 2016 vi-

245 2056 389 2136 debatur,
412 2056 616 2142 explicandos
638 2057 786 2122 accedam
807 2079 927 2143 eosque
949 2059 1123 2124 secundum
1137 2055 1299 2142 vulgatum

247 2163 410 2226 satirarum
434 2160 579 2226 ordinem
600 2182 669 2226 sum
690 2170 887 2226 tractaturus.
