2980 4700
1176 325 1227 398 89

257 515 368 578 Finem
390 513 451 575 iam
471 513 682 595 imposueram
700 511 773 578 huic
789 512 910 592 libello,
933 495 1034 598 quum*
1043 509 1089 574 Μ.
1106 509 1225 595 Haupt,

168 619 217 680 vir
249 602 490 692 illustrissimus,
523 613 561 678 C.
589 614 742 679 Friderici
768 617 942 681 Hermanni
969 665 985 694 „
994 615 1036 680 de
1063 612 1223 678 luvenalis

171 723 306 797 „satirae
323 723 481 803 'septimae
502 717 699 802 temporibus
707 725 724 752 ‘⁶
743 718 999 804 disputationem,
1030 737 1111 802 quae
1132 739 1224 801 prae-

171 827 263 888 missa
288 832 336 886 est
357 820 455 885 indici
477 819 655 884 scholarum
678 824 711 884 in
735 822 894 886 academia
918 821 1061 907 Georgia
1078 822 1223 906 Augusta

168 949 226 1012 per
249 934 413 1002 semestre,
438 921 525 1008 quod
547 926 657 1002 instat,
683 929 835 990 aestivum
858 924 1089 1008 habendarum,
1113 925 1223 987 eximia

168 1051 223 1092 sua
246 1028 451 1115 benignitate,
474 1049 535 1111 qua
558 1030 645 1090 omni
667 1027 765 1092 modo
789 1027 892 1092 studia
915 1051 984 1094 mea
1007 1025 1134 1102 adiuvit,
1159 1047 1224 1090 me-

168 1155 238 1196 cum
265 1133 517 1196 communicavit.
563 1128 664 1194 Cuius
694 1131 915 1218 disputationis
944 1153 1058 1219 magua
1086 1152 1160 1215 pars
1188 1133 1224 1194 in

167 1239 205 1300 iis
222 1235 328 1312 rebus,
349 1255 425 1319 quas
441 1237 511 1318 ipse
527 1255 654 1318 quoque
670 1239 809 1312 tractavi,
832 1237 963 1298 maxime
985 1239 1018 1299 in
1037 1237 1223 1319 quaestione

169 1339 209 1403 de
228 1337 386 1403 luvenalis
411 1337 504 1400 exilio
530 1347 562 1400 et
584 1335 625 1400 de
639 1340 721 1416 ritis,
744 1337 887 1403 fontibus
909 1339 1002 1402 huius
1025 1341 1224 1415 narrationis,

78 1441 80 1448 '
167 1452 320 1506 versatur.
355 1441 516 1526 Opinatnr
538 1450 704 1505 autem‘ex
727 1442 884 1520 omnibus,
908 1463 984 1524 quas
1008 1461 1071 1528 ego
1096 1461 1223 1525 quoque

169 1544 307 1623 exhibui,
336 1547 409 1608 vitis
432 1567 487 1608 cur
510 1546 565 1608 uni
587 1548 753 1622 maiorem,
781 1567 872 1631 quam
894 1544 1022 1629 reliquis
1045 1543 1142 1608 fidem
1165 1547 1224 1614 tri-

168 1649 309 1724 buamus,
324 1647 473 1711 idoneam
492 1669 617 1710 causam
631 1649 767 1712 inveniri
782 1670 878 1733 posse
894 1649 1020 1726 nullam,
1043 1658 1149 1712 tamen
1170 1649 1224 1710 tri-

169 1750 274 1816 butam
293 1772 361 1813 esse
385 1772 403 1812 a
425 1748 531 1813 multis
554 1749 600 1813 illi
616 1753 708 1828 vitae,
732 1774 822 1837 quam
839 1753 892 1816 alii
907 1753 1141 1828 Suetonianam,
1165 1749 1219 1812 alii

168 1855 359 1918 Probianam
375 1852 553 1916 habuerunt
564 1874 720 1937 quamque
734 1857 837 1939 primo
855 1854 929 1918 loco
945 1859 1048 1940 posui,
1064 1853 1121 1918 sed
1135 1852 1225 1916 nulla

169 1957 230 2022 alia
254 1956 294 2021 de
317 1979 425 2033 causa,
455 1977 546 2040 quam
577 1959 648 2039 quia
678 1959 777 2040 prima
807 1961 945 2021 omnium
975 1962 1104 2021 inventa
1130 1966 1224 2042 atque

170 2060 255 2125 edita
278 2063 327 2138 sit,
352 2069 407 2124 aut
429 2061 502 2143 quia
524 2058 623 2122 Probi
644 2080 762 2124 nomen
785 2073 885 2148 gerat.
931 2062 996 2125 lam
1019 2062 1224 2125 certissimum

168 2165 201 2227 id
223 2187 318 2228 unum
342 2172 440 2248 putat,
462 2165 495 2224 iu
510 2160 570 2224 hac
585 2154 648 2226 vita
663 2184 731 2226 uon
747 2167 815 2250 ipsa
831 2163 916 2228 docti
934 2163 1103 2250 biographi
1118 2163 1224 2238 verba,

169 2267 226 2330 sed
250 2276 396 2350 excerpta
418 2274 538 2327 tantum
561 2262 635 2348 legi,
658 2265 744 2348 quod
761 2288 857 2350 quum
874 2266 1047 2331 lectionum
1062 2267 1225 2344 varietate,

172 2373 308 2453 quaein
331 2366 495 2431 codicibus
518 2369 704 2446 inveniatur,
726 2379 791 2432 tum
814 2368 920 2434 multis
943 2368 1164 2433 additamentis
1188 2391 1225 2432 ex

169 2471 238 2536 aliis
262 2471 350 2535 libris
372 2473 565 2554 maximeque
590 2492 607 2534 e
631 2471 742 2536 codice
757 2475 918 2536 Vossiano
942 2475 1085 2558 repetitis
1109 2472 1225 2538 coufir-

169 2586 279 2640 metur.
326 2575 533 2661 Quapropter
556 2596 593 2638 ex
616 2575 763 2640 omnibus
785 2576 848 2641 illis
870 2579 943 2641 vitis
971 2579 1054 2641 iuter
1079 2599 1114 2641 se
1141 2598 1225 2641 com-

170 2683 287 2766 paratis
304 2701 341 2743 ea
357 2679 505 2766 eligenda
521 2699 599 2754 esse,
622 2700 702 2763 quae
720 2683 880 2744 maximam
902 2679 1135 2763 probabilitatis
1155 2700 1226 2764 spe-

169 2787 248 2846 ciem
261 2831 265 2834 -
278 2805 354 2866 prae
383 2804 417 2844 se
444 2781 555 2842 ferant.
602 2782 692 2842 Hanc
714 2783 811 2864 igitur
832 2784 913 2842 viam
936 2784 1156 2866 rationemque
1178 2784 1225 2844 in-

168 2907 295 2972 gressus
319 2883 359 2946 ad
384 2903 450 2945 eam
473 2883 619 2967 pervenit
641 2884 842 2960 sententiam,
869 2883 1050 2948 Iuvenalem
1074 2907 1092 2947 a
1115 2886 1225 2948 Domi-

169 2991 256 3051 tiano
289 2984 450 3072 expulsum
478 2995 591 3070 postea
615 2985 749 3049 Romam
778 2984 908 3050 redisse.
953 2988 1006 3051 De
1035 2987 1110 3052 loco
1141 2987 1225 3054 exilii

170 3094 334 3174 optionem
364 3088 499 3172 relinqui
527 3091 610 3152 inter
632 3089 762 3164 Scotos,
793 3110 873 3172 quos
898 3091 961 3152 vita
985 3091 1225 3154 Omniboniana

171 3191 449 3268 commemorat¹),
480 3200 511 3253 et
532 3191 725 3275 Aegyptum.
771 3191 835 3253 lam
865 3212 960 3276 quum
986 3194 1044 3268 „in
1065 3196 1223 3258 variorum

185 3364 189 3372 ”
240 3377 274 3442 1)
300 3373 383 3448 Quod
406 3376 475 3430 enim
498 3372 623 3430 scholion
645 3374 723 3430 affert
740 3373 907 3430 Hermannus
929 3374 962 3432 ad
983 3385 1033 3433 sat.
1044 3374 1101 3433 Vll.
1120 3378 1163 3434 93.
1182 3397 1225 3434 ex-

169 3471 290 3539 cerptum
314 3481 329 3515 e
352 3459 445 3515 codice
465 3459 646 3516 bibliothecae
667 3463 755 3536 regiae
772 3461 924 3516 Britanicae
946 3461 1009 3517 olim
1027 3463 1224 3538 Bongarsiano:

170 3547 245 3615 „Hic
264 3556 351 3602 autem
368 3549 453 3622 tangit
472 3545 616 3602 Traianum
634 3557 661 3602 et
680 3547 759 3614 dicit,
783 3547 855 3622 quod
873 3547 1054 3605 cantatoribus
1074 3551 1132 3604 eius
1150 3567 1225 3626 prae-

168 3633 283 3688 fecturas
304 3643 330 3688 et
352 3632 502 3688 tribunatus
523 3632 617 3688 donet:
642 3633 715 3708 quod
734 3633 865 3690 Traianus
885 3635 925 3690 si'c
943 3634 1017 3690 ultus
1037 3643 1092 3699 est,
1117 3643 1148 3688 ut
1170 3634 1225 3710 ipsi

168 3717 287 3774 iuvenali
310 3717 387 3774 daret
408 3721 622 3796 praeposituram
644 3719 707 3796 galli
726 3719 794 3796 (leg.
814 3719 895 3785 belli)
916 3719 1018 3775 Scotiei
1037 3729 1064 3774 et
1082 3737 1224 3794 numquam

169 3803 245 3860 dedit
264 3806 288 3859 ei
307 3823 499 3871 successorem,
521 3807 566 3880 qui
586 3826 645 3861 eum
663 3806 810 3874 adiuvaret,
833 3807 880 3862 ubi
899 3798 998 3860 ebtidie
1016 3805 1140 3862 incursus
1159 3804 1225 3860 Sco·

169 3899 256 3946 torum
280 3899 335 3958 est,
359 3901 438 3964 atque
456 3900 490 3944 ut
509 3893 612 3946 sciret
631 3895 750 3949 iratum
768 3893 969 3970 principem,
993 3889 1060 3946 dans
1083 3893 1109 3946 ei
1133 3889 1225 3946 codi-

165 3975 274 4052 cillos
294 3976 375 4031 dixit:
399 3977 483 4032 Ecce
502 3987 534 4032 et
552 3986 584 4031 te
600 3976 787 4034 Philomela
805 3977 1005 4054 promovit,“
1026 3996 1081 4032 non
1098 3979 1224 4033 maiorem

171 4059 234 4113 huic
258 4063 403 4117 narrationi
426 4062 503 4119 affert
525 4063 621 4131 fidem,
647 4085 727 4138 quum
745 4073 837 4141 aperte
856 4061 890 4119 erl
908 4065 966 4140 ipsa
984 4063 1031 4120 illa
1048 4065 1103 4120 vita
1121 4063 1223 4121 codicis

175 4143 366 4200 Omniboniani
385 4147 552 4226 desumptum
571 4149 724 4219 esse,‘luce
743 4149 840 4206 clarius
859 4159 992 4227 appareat.
