2980 4700
1166 295 1209 368 17

153 475 357 561 putationem,
381 493 461 559 quae
483 471 601 560 legitur
623 475 656 536 in
680 493 791 556 opusc.
816 473 903 537 acad.
927 497 958 559 p.
980 475 1047 552 33.;
1074 487 1236 560 quaproa
1295 509 1298 516 ·

153 585 236 664 pter,
261 573 413 662 explicata
431 580 534 640 totius
556 575 621 639 loci
644 575 818 652 sententia,
843 595 880 638 ea
903 584 1023 641 tantum
1043 598 1208 664 exponam,

62 674 64 719 l
151 681 185 742 in
208 677 321 764 quibus
345 702 363 743 a
385 677 561 765 Madvigio,
585 699 773 762 quamquam
796 680 933 742 minutae
956 689 1030 744 sunt
1051 701 1113 759 res,
1135 691 1167 745 et
1190 705 1208 746 a

62 846 63 855 ,
150 783 325 845 novissimo
350 791 534 845 enarratore
556 780 742 842 Heinrichio
769 778 997 844 discedendum
1025 782 1101 844 mihi
1122 783 1208 850 vide-

61 960 62 969 ,
151 894 211 948 tur.
248 883 400 947 Adnectit
420 893 518 969 poeta
539 884 695 967 superiori
716 880 761 946 illi
784 885 946 967 nequitiae
963 883 1110 969 (‚‚Quum
1132 882 1207 951 leno

151 988 286 1071 accipiat
307 985 430 1049 moechi
453 984 584 1066 bona“)
606 1006 725 1050 novum
748 985 911 1050 foeditatis
935 985 1122 1075 exemplum,
1144 1010 1207 1074 quo

153 1087 195 1152 ad
217 1091 326 1152 satiras
350 1087 533 1152 scribendas
556 1087 750 1174 impellatur:

257 1197 344 1255 Quum
361 1196 406 1244 tas
424 1207 487 1245 esse
504 1197 582 1257 putet
599 1207 692 1245 curam
710 1199 837 1256 spectare
855 1197 985 1263 cohortis,

258 1279 309 1338 Qui
327 1279 398 1329 hona
416 1277 527 1328 donavit
544 1279 736 1346 praesepibus,
757 1282 785 1330 et
803 1284 881 1330 caret
899 1281 970 1331 omni

60 1356 64 1366 ⁴
169 1358 222 1427 60)
257 1363 389 1414 Maiorum
409 1377 507 1430 censu,
525 1366 587 1415 dum
605 1365 730 1428 pervolat
748 1377 800 1416 axe
819 1363 904 1415 citato

254 1449 415 1500 Flaminiam
434 1463 502 1513 puer
518 1452 702 1501 Automedon:
725 1464 787 1500 nam
804 1451 866 1500 lora
884 1451 995 1502 tenebat

252 1535 329 1602 Ipse,
348 1538 505 1586 lacernatae
523 1549 605 1600 quum
622 1549 654 1588 ae
671 1536 789 1588 iactaret
806 1535 919 1588 amicae.

252 1623 347 1672 Nonne
365 1622 432 1672 libet
448 1623 536 1673 medio
555 1634 635 1673 ceras
652 1621 766 1686 implere
784 1635 902 1683 capaces
1169 1669 1170 1681 ,

254 1706 421 1773 Quadrlvio,
437 1721 516 1770 quum
533 1707 589 1758 iam
606 1711 685 1760 sexta
703 1707 812 1759 cervice
830 1709 948 1774 feratur,
968 1708 1023 1758 ete.
1041 1711 1095 1760 etc.
1169 1692 1171 1702 ¹

147 1796 203 1888 lta,
224 1799 342 1861 reiecta
365 1795 492 1862 tandem
508 1807 650 1861 veterum
674 1819 814 1861 errorum
836 1799 1087 1880 ineptiarumquc
1109 1797 1204 1876 mole,

146 1896 292 1984 singulae
308 1897 551 1983 distinguendae
567 1905 641 1960 sunt
655 1900 810 1961 orationis
827 1905 944 1982 partes,
967 1898 994 1958 si
1016 1899 1203 1962 sententiam

148 2020 260 2064 eruere
281 1998 428 2065 volumus
458 2003 550 2065 unice
580 2009 684 2086 aptam
710 2009 827 2086 poetae
849 1999 964 2066 verbis.
1009 1999 1097 2063 Dicit
1121 2004 1204 2066 enim

148 2103 305 2167 luvenalis
329 2103 370 2168 de
392 2103 554 2168 nebulone
578 2101 716 2187 quodam
739 2107 788 2168 sui
810 2108 978 2189 temporis,
1007 2104 1062 2185 qui
1088 2100 1204 2166 audeat

54 2198 56 2209 ⁴
147 2208 222 2270 satis
243 2208 413 2271 honestum
435 2209 470 2266 in
493 2207 632 2265 exercitu
653 2203 787 2285 gradum
805 2205 836 2279 ¹)
859 2221 994 2283 poscere
1017 2208 1111 2278 atque
1134 2221 1205 2281 spe-

54 2298 56 2317 '
147 2327 227 2381 rare,
250 2327 344 2387 quum
365 2323 490 2366 omnem
511 2296 577 2364 rem
599 2300 783 2364 familiarem
807 2321 825 2363 a
847 2298 1020 2364 maioribus
1043 2308 1204 2385 acceptam

54 2475 57 2493 ⁸
147 2410 182 2470 in
212 2409 300 2491 equis
331 2403 471 2470 emendis
501 2402 688 2490 alendisque
717 2401 934 2491 dissipaverit;
964 2405 1018 2490 qui
1047 2401 1203 2492 dignitate

146 2531 206 2608 sua
231 2509 317 2574 haud
343 2507 481 2573 alienum
506 2518 609 2595 putet,
641 2511 737 2572 citato
762 2532 854 2575 curru
878 2497 1064 2573 Flaminiam
1086 2530 1202 2593 pervo-

52 2622 55 2645 '
144 2613 220 2692 lare,
241 2635 361 2698 suaque
383 2634 478 2676 manu
500 2622 657 2698 tamquam
674 2612 755 2677 alter
770 2610 984 2688 Automedon,
1000 2608 1132 2674 Achillis
1148 2634 1202 2673 au-

53 2770 56 2803 ,
146 2719 223 2804 riga,
247 2735 347 2801 equos
369 2736 482 2801 regere
498 2717 715 2798 (quapropter
731 2714 847 2776 dictum
864 2723 925 2774 ost:
948 2731 1043 2787 „uam
1066 2709 1137 2771 lora
1158 2718 1204 2773 te-

52 2805 56 2891 ]'
153 2817 274 2896 „nebat
290 2817 441 2899 Ipse“²),
464 2815 517 2897 qui
539 2811 692 2897 denique,
714 2820 749 2876 ut
770 2814 964 2899 ignominiae
988 2809 1130 2876 cumulus
1153 2834 1203 2877 ac

51 2900 56 2919 Ρ
146 2917 247 2997 cedat,
269 2919 398 2980 amicam
418 2916 574 3003 quandam
597 2915 787 2980 lacernatam
810 2919 844 2980 in
867 2936 960 2982 curru
983 2919 1078 2980 iuxta,
1091 2937 1127 2983 se
1149 2918 1202 2980 ha-

46 3097 47 3107 ,
144 3023 227 3102 beat,
251 3025 301 3086 cni
319 3042 354 3084 se
372 3023 468 3086 iactet
485 3032 580 3108 atque
597 3028 737 3085 ostentet
759 3023 829 3105 ipsa
851 3023 912 3085 bac
935 3019 1103 3105 aurigandi
1124 3029 1201 3083 arte.

143 3155 345 3172 *¹-n——-—-

132 3229 134 3233 ’
215 3223 249 3292 1)
272 3221 470 3276 Praefecturam
483 3221 603 3275 cohortis
615 3221 749 3274 sociorum
767 3219 888 3293 intellegi
905 3240 920 3274 a
938 3226 1028 3294 poeta,
1047 3219 1142 3274 eximia
1155 3217 1202 3274 do·

146 3310 232 3366 ctrina
251 3305 445 3362 demonstravit
455 3305 605 3380 Madvigius
625 3305 736 3379 (opusc.
755 3302 826 3358 acad.
846 3326 872 3382 p.
885 3306 956 3372 32),
975 3322 1063 3380 neque
1077 3304 1146 3360 enim
1158 3323 1201 3360 co·

144 3394 257 3478 hortem
272 3395 446 3470 praetoriam,
470 3413 549 3470 quam
571 3390 616 3446 alii
640 3387 846 3464 intellegendam
869 3391 991 3446 arbitrati
1013 3399 1090 3458 sunt,
1117 3409 1202 3467 posse

41 3515 42 3524 κ
144 3479 262 3555 simplici
284 3479 334 3536 bac
355 3499 434 3536 curae
455 3479 575 3534 cohortis
595 3474 777 3555 appellatione
795 3477 954 3552 significari,
978 3495 1065 3552 neque
1085 3476 1201 3530 tribuna-

42 3569 43 3576 ’
146 3572 203 3616 tum
219 3563 369 3632 militarem,
393 3575 423 3620 ut
441 3564 486 3620 alii
504 3562 657 3631 voluerunt,
678 3565 776 3631 notari,
795 3583 875 3637 quum
893 3565 1000 3619 omnino
1019 3559 1098 3617 valde
1117 3561 1201 3614 incer·

145 3656 203 3702 tum
226 3647 275 3712 sit,
298 3658 387 3702 utrum
409 3647 544 3704 luvenalis
565 3648 729 3726 temporibus
750 3647 852 3704 tribuni
873 3648 1017 3704 habuerint
1036 3645 1199 3721 singularum

41 3735 42 3742 ’
147 3730 297 3790 cohortium
316 3729 490 3805 regendarum
510 3752 613 3788 munus.

217 3819 252 3884 2)
270 3815 325 3873 Vix
337 3816 391 3872 dici
402 3826 503 3896 potest,
523 3837 600 3892 mam
618 3839 745 3894 perverse
762 3829 819 3876 tota
838 3819 971 3874 sententia
989 3819 1146 3893 perturbata
1164 3826 1201 3873 at·

146 3921 198 3976 que
208 3913 303 3958 vexata
315 3905 379 3960 sita
398 3902 584 3980 superioribus
602 3904 794 3981 interpretibus
813 3901 907 3958 lalsam
924 3903 1102 3960 retinentibus
1120 3904 1201 3960 inter·

145 3988 318 4062 punctionem
342 4008 425 4059 „nam
448 3987 506 4044 lora
528 3987 651 4058 tenebat,
676 3989 738 4068 lpse
759 3988 909 4044 lacernatae
932 4006 1012 4062 quum
1035 4007 1066 4044 se
1088 3989 1199 4047 iactaret

146 4071 273 4127 amicae.“

944 4161 966 4226 2
