2980 4700
239 499 338 568 Paulo
361 509 441 587 post
456 525 486 566 v.
503 503 555 568 49.
579 511 612 566 et
633 523 700 586 sqq.

254 637 321 699 ouis
339 649 412 686 nunc
429 635 566 702 diligitur,
584 635 639 687 nisi
657 632 786 686 conscius
805 633 833 682 et
849 633 895 684 cui
912 636 1022 688 fervens

165 717 218 788 Μ)
253 725 372 775 Aestuat
388 720 506 772 occultis
524 719 629 771 animus
647 728 810 781 semperque
827 714 969 772 tacendis?

251 809 298 861 Nil
315 806 415 858 tibi-se
432 807 532 856 debere
549 807 640 871 putat,
659 803 698 854 nil
715 803 992 870 conlactaneum,
1060 847 1071 866 η,

252 891 420 954 participem
437 890 483 954 qui
502 894 528 940 te
547 889 650 940 secreti
666 888 734 942 iecit
750 888 870 938 honesti:
1050 945 1053 952 1

255 977 343 1030 carus
362 975 413 1026 erit
430 975 524 1044 Verri,
544 974 590 1039 qui
608 977 720 1026 Verrem
740 977 876 1041 tempore,
896 989 949 1039 quc
967 978 1027 1027 vuit

254 1065 393 1113 Accusare
411 1064 527 1122 potest.x
546 1059 628 1110 uenti
646 1061 693 1112 tibi
711 1073 766 1110 non
784 1059 821 1110 rit
838 1060 919 1123 opaci

163 1143 219 1214 55)
254 1147 349 1200 omnis
366 1159 451 1198 mena
468 1145 539 1209 uagi
557 1148 679 1208 quodque
695 1145 724 1196 in
742 1157 818 1196 mare
836 1146 955 1198 volvitur
972 1159 1080 1213 summ,

252 1236 289 1284 Ut
306 1244 401 1284 senno
418 1241 518 1282 careas
534 1231 712 1292 ponendaque
730 1230 852 1291 praemia
869 1244 962 1282 sumas

254 1317 354 1370 Tristis
372 1319 401 1368 ct
418 1329 435 1368 a
451 1329 552 1382 magno
569 1327 678 1380 semper
695 1314 817 1366 timearis
834 1315 931 1368 amico.

147 1429 381 1510 difficultatem,
403 1452 496 1516 quam
518 1432 643 1515 priores
666 1437 865 1494 enarratores
889 1447 1000 1494 omues
1021 1432 1206 1515 praetermi-

146 1544 264 1614 serunt,
287 1537 409 1600 etiamsi
424 1543 541 1598 certam
558 1553 627 1598 non
643 1533 747 1598 habeo
759 1533 930 1612 ,rationem
952 1553 1014 1617 qua
1035 1550 1204 1600 removere

144 1641 274 1724 possim,
297 1648 402 1702 tamen
426 1657 587 1723 exponere
609 1639 820 1701 necessarium
844 1633 927 1700 duxi.

76 1735 77 1738 ’
233 1740 344 1805 Verba
364 1739 602 1826 „ponendaque
623 1743 763 1826 praemia
785 1744 913 1805 sumss“
927 1738 1115 1825 plenumque
1132 1738 1204 1803 red-

145 1843 212 1908 dita
234 1853 321 1922 sunt,
351 1865 416 1921 „ne
437 1863 540 1908 sumas
562 1845 716 1926 praemia,
739 1864 820 1926 quae
843 1840 1014 1927 aliqnando
1036 1841 1202 1925 deponere

143 1946 271 2026 „debes
298 1935 333 2024 sij
360 1954 397 2025 ut
418 1944 471 2008 alii
485 1943 607 2022 volunt
631 1947 721 2009 amici
743 1947 881 2024 crimina,
903 1965 1038 2030 quorum
1054 1948 1201 2012 conscius
1235 2001 1238 2005 .

145 2072 206 2130 „cs
230 2048 426 2137 detegantur,
450 2057 511 2128 aut,
532 2048 620 2134 qnod
636 2048 689 2112 alii
703 2049 912 2134 protulerunt,
934 2051 961 2113 si
976 2059 1079 2115 morte
1094 2053 1202 2136 oppri-

145 2157 256 2234 „maris
286 2153 433 2218 omnibus
460 2153 555 2216 benis
584 2173 645 2215 nos
672 2153 862 2235 spolianta.“
906 2155 1044 2237 Utrique
1067 2151 1199 2236 explica-

143 2259 228 2320 tioni
250 2255 378 2318 obstare
399 2256 489 2315 vocis
512 2257 680 2335 „ponere“
702 2253 982 2338 significationem,
1011 2251 1103 2314 nullo
1131 2254 1200 2316 iure

64 2391 66 2401 =
145 2355 307 2441 perhibuit
327 2353 521 2418 Heineclxius
535 2355 582 2433 ¹);
612 2352 709 2418 altera
738 2362 858 2432 autem,
886 2355 1005 2440 qnippe
1028 2373 1109 2439 qnae
1130 2352 1201 2420 lon-

146 2462 220 2546 gios
242 2461 389 2522 arcessita
412 2460 461 2536 sit,
481 2460 515 2521 in
537 2455 772 2544 simplicissimis
787 2457 893 2522 verbis
916 2457 1088 2544 „ponenda
1110 2479 1201 2544 prae-

143 2567 243 2641 „mia“
257 2561 365 2641 latere,
388 2560 488 2626 altera
509 2571 644 2648 propter
665 2565 852 2627 sententiam
876 2562 952 2626 ferri
972 2565 1092 2648 nequit.
1126 2563 1201 2627 Ete-

143 2670 217 2744 nim,
240 2689 282 2732 ne
304 2665 406 2730 dicam
429 2664 470 2730 de
493 2686 545 2746 eo,
567 2664 656 2751 quod
678 2669 874 2732 sententiosa
896 2666 976 2728 haec
997 2668 1108 2728 mortis
1124 2685 1200 2727 con-

142 2766 309 2854 templatio
324 2789 433 2852 parurn
451 2769 601 2828 convenit
616 2767 773 2829 luvenalis
788 2768 894 2840 menti,
918 2767 968 2828 cui
983 2763 1110 2858 tandein
1132 2763 1200 2848 pla-

143 2893 217 2936 cere
240 2877 350 2955 potest
370 2871 478 2953 inepta
500 2867 555 2930 iila
572 2869 734 2953 oppositio
757 2869 841 2930 inter
862 2888 979 2945 aurum,
1003 2865 1090 2952 quod
1106 2868 1198 2954 Tago

142 2975 274 3038 flumine
290 2976 324 3037 in
341 2993 429 3036 mare
442 2970 583 3036 solvitur
605 2981 637 3036 et
658 2971 754 3051 bona,
776 2992 857 3056 quae
879 2981 982 3034 rncrte
1005 2969 1199 3056 deponenda

142 3087 232 3154 sunt,
262 3080 350 3158 quasi
380 3097 447 3138 non
474 3073 555 3136 illud
577 3095 706 3156 quoque
727 3071 935 3136 morientibus
956 3070 1199 3154 relinquendum

143 3190 239 3242 esset.
274 3176 429 3260 Equidem
448 3184 532 3237 certe
546 3173 771 3256 interpretibus
786 3175 903 3254 potius,
926 3192 1017 3259 quarn
1040 3175 1100 3252 ipsi
1122 3191 1200 3254 poe-

143 3289 197 3345 tae
224 3276 320 3342 talem
350 3275 629 3340 inconcinnitatem
656 3270 887 3336 attribuendam
911 3291 979 3334 esse
1002 3268 1198 3335 crediderim.

142 3381 217 3449 Alia
240 3383 371 3446 maxime
393 3376 525 3463 simplex
539 3375 665 3440 videtur
688 3373 854 3460 explicatio
878 3373 918 3438 de
940 3377 1096 3460 praemiis,
1118 3395 1199 3462 quae

143 3511 162 3551 a
185 3507 302 3574 magno
326 3485 426 3549 amico
448 3484 583 3568 pauperi
599 3479 810 3567 proponenda
826 3489 907 3556 sunt,
929 3489 964 3542 ut
979 3467 1089 3558 taceat,
1112 3477 1200 3542 dum-

143 3588 242 3654 modo
270 3589 350 3653 haec
379 3609 449 3650 cum
475 3587 676 3673 grammatica
704 3593 894 3670 congrueret
915 3585 1055 3656 ratioue;
1083 3603 1199 3646 vereor

145 3695 245 3772 enim,
273 3701 308 3755 ut
337 3690 377 3754 ad
405 3689 485 3754 illud
510 3689 723 3776 participium,
753 3687 840 3773 quod
862 3686 1057 3750 necessitatis
1081 3682 1199 3763 dicunt
1230 3761 1232 3764 .

143 3794 307 3862 subaudiri
334 3795 438 3880 possit
466 3790 552 3855 aliud
580 3793 755 3857 subiectum
782 3793 882 3876 (quae
908 3809 1047 3876 magno
1071 3791 1198 3851 amico

106 3951 108 3954 .
145 3898 297 3984 ponenda
326 3898 435 3980 suut),
471 3917 567 3984 quum
596 3906 650 3962 aut
677 3897 760 3962 hanc
788 3895 973 3959 contineant
1001 3893 1197 3970 sententiam,

218 4113 252 4184 l)
275 4112 318 4170 ci.
335 4113 428 4170 Horat.
446 4135 489 4192 ep.
510 4121 535 4186 1,
555 4119 597 4186 16,
615 4117 748 4172 33-35.

945 4197 996 4264 3*
