2980 4700
298 347 348 418 22

301 533 479 618 quotannis,
494 533 680 599 utbreviter
692 533 801 611 dicam,
818 532 941 596 circiter
951 532 1016 594 XX.
1031 530 1116 595 milia
1132 518 1286 597 thalerum
1302 555 1355 598 au-

299 640 727 728 reorumnostraepecuniae
736 636 796 701 sibi
805 635 1010 721 comparanti.
1032 631 1248 719 Quapropter,
1258 658 1355 720 quum

301 741 394 802 nimia
409 738 572 824 paululum
588 740 667 805 haec
682 762 801 806 summa
816 741 865 818 sit,
887 737 997 804 credat
1011 737 1145 802 fortasse
1163 736 1282 831 aliquis,
1305 761 1355 803 re-

301 842 480 929 cipiendam
503 865 572 908 esse
595 842 825 907 nonnullorum
839 841 1002 908 'librorum
1016 843 1049 923 ¹)
1070 840 1239 906 lectionem
1261 862 1355 924 „qua-

300 944 493 1033 „draginta“,
515 965 620 1026 neque
642 943 674 1004 id
698 965 767 1007 cum
784 944 967 1007 Acbaintrio
988 948 1066 1008 reici
1087 954 1204 1029 potest,
1225 940 1354 1028 quiade

300 1069 397 1111 censu
421 1048 559 1130 equestri
584 1043 649 1107 hoc
673 1041 749 1106 loco
773 1041 890 1106 debeat
912 1046 1060 1130 cogitari,
1090 1067 1172 1129 quae
1201 1046 1354 1111 dubitatio

191 1163 195 1170 ‘
300 1159 368 1213 tota
389 1169 448 1233 per
470 1167 505 1210 se
528 1149 589 1210 iam
613 1144 706 1224 cadit,
727 1149 762 1226 si,
786 1143 872 1231 quod
896 1146 985 1211 multi
1008 1146 1158 1212 exhibent
1173 1148 1357 1233 ‘codices²>,

299 1255 444 1331 „maius“
466 1271 526 1337 pro
554 1253 701 1338 „magis“
723 1253 893 1337 recipimus
921 1250 1070 1337 quodque
1098 1255 1280 1317 necessario
1310 1272 1358 1315 se-

300 1359 354 1442 qui
377 1355 473 1420 debet
494 1359 678 1440 scripturam
701 1352 964 1438 ‚,quadraginta“,
986 1374 1028 1417 ne
1045 1363 1146 1417 metro
1163 1354 1299 1436 quidem,
1323 1364 1359 1419 ut
1463 1347 1464 1434 i

301 1459 387 1523 credi
401 1467 521 1541 posset,
543 1455 746 1517 adversante:
769 1475 864 1537 quum
883 1456 967 1517 enim
984 1457 1124 1536 optimae
1147 1458 1258 1518 aetatis
1279 1477 1358 1542 poe-

299 1570 350 1623 tae
376 1580 504 1644 semper
531 1554 712 1642 producant
736 1553 893 1640 syllabam
919 1560 983 1633 „a“
1004 1559 1038 1620 in
1060 1556 1128 1621 fine
1149 1555 1276 1622 illorum
1299 1580 1357 1624 nu·
1463 1573 1464 1624 Q

299 1661 475 1740 meralium,
503 1663 681 1747 posteriore
709 1670 852 1744 tempore
881 1662 1052 1745 scriptores
1078 1663 1202 1724 variant
1229 1664 1263 1723 in
1292 1661 1357 1724 hoc

205 1761 206 1764 '
298 1787 359 1830 usu
380 1764 479 1830 modo
503 1765 728 1849 corripientes,
750 1763 849 1828 modo
871 1763 1085 1850 producentes
1107 1762 1257 1828 ultimam.
1302 1762 1356 1826 De

299 1869 452 1935 Iuvenale
473 1877 592 1933 certum
614 1867 693 1932 nihil
714 1877 822 1954 potest
845 1869 1002 1945 constitui,
1025 1889 1121 1953 quum
1135 1887 1218 1932 unns
1234 1873 1356 1930 tantum

301 1981 402 2035 exstet
425 1993 551 2050 versus,
581 1994 600 2034 e
628 1992 693 2054 quo
722 1970 866 2055 syllabae
887 1969 980 2035 'illius
1009 1979 1121 2035 natura
1151 1971 1359 2056 cognoscitur

300 2076 376 2152 (sat.
392 2075 460 2137 ΧΠ.
478 2097 507 2136 v.
525 2075 607 2152 74),
629 2074 685 2138 ubi
700 2093 778 2137 sane
794 2071 985 2159 productum
1001 2084 1051 2137 est
1071 2075 1256 2160 „triginta“.
1290 2071 1357 2137 Sed

299 2199 393 2262 quum
417 2175 581 2255 Martialis,
604 2177 658 2261 qui
682 2175 795 2241 eodem
818 2176 878 2240 fuit
899 2184 1051 2261 tempore,
1078 2174 1238 2241 interdum
1261 2178 1357 2240 corri-
1463 2227 1464 2268 ,

298 2284 373 2365 piat,
395 2279 553 2345 interdum
568 2278 775 2366 producat³)‚
797 2279 884 2344 nulla
909 2288 956 2342 est
978 2299 1081 2357 causa,
1104 2301 1160 2343 cur
1181 2300 1250 2344 non
1271 2278 1357 2344 idem

298 2383 483 2448 Iuvenalem
505 2382 668 2448 admisisse
691 2393 848 2469 putemus.
881 2382 947 2446 Sed
970 2381 1031 2446 alia
1053 2382 1128 2446 huic
1149 2382 1281 2448 lectioni
1300 2383 1358 2446 ob·

299 2493 362 2548 stat
383 2505 444 2562 res,
466 2483 554 2568 qnod
576 2487 609 2548 in
633 2487 824 2548 contrariam
846 2504 977 2568 prorsus
999 2484 1165 2548 incidimus
1190 2484 1358 2550 difficulta-

300 2597 372 2650 tem.
418 2587 484 2671 Qui
507 2589 590 2651 enim
613 2589 810 2651 conveniunt
835 2586 901 2650 duo
931 2584 1015 2649 milia
1044 2586 1198 2652 thalerum
1226 2597 1357 2653 nostrae

298 2692 455 2776 pemmiae
477 2691 612 2769 homini,
642 2691 695 2776 qui
718 2688 789 2774 plus
811 2687 976 2775 possideat
997 2687 1142 2756 Pallante
1165 2700 1198 2756 et
1218 2693 1357 2755 Licinis?

300 2792 405 2877 Quam
427 2796 471 2859 ob
494 2817 619 2859 causam
642 2793 803 2880 vulgatam
831 2794 1002 2858 lectionem
1026 2802 1114 2858 reete
1139 2815 1211 2858 sese
1236 2795 1357 2860 habere

299 2915 483 2979 persuasum
506 2897 582 2958 mihi
597 2904 653 2972 est,
675 2916 767 2978 quam
790 2899 817 2957 si
840 2895 881 2958 de
904 2916 1011 2959 annuo
1034 2896 1139 2960 reditu
1157 2897 1357 2982 explicamus,

299 2995 551 3084 intellegendum
568 3007 624 3074 est,
646 3005 774 3081 poetam
798 2996 838 3060 de
861 2995 1017 3060 industria
1038 3019 1104 3061 rem
1126 3002 1160 3062 in
1182 3003 1282 3066 maius
1306 3023 1357 3065 ex-

301 3100 431 3180 tollere,
459 3103 566 3188 itaque
596 3121 725 3176 censum
756 3108 932 3187 equestrem
963 3100 1224 3182 commemorare,
1252 3126 1357 3190 quam-

299 3207 347 3269 vis
370 3227 465 3271 nemo
488 3204 584 3270 facile
607 3216 804 3291 unoquoque
827 3226 912 3270 anno
937 3227 1008 3271 eum
1031 3206 1091 3271 sibi
1114 3212 1354 3296 comparaverit.

370 3412 402 3474 l)
425 3409 455 3463 E.
476 3407 545 3480 llup.
564 3407 642 3463 libri·
661 3407 694 3463 N.
712 3413 752 3464 16.
773 3413 824 3478 la,
844 3410 951 3480 quidam
969 3431 984 3466 e
1003 3411 1151 3482 Achaintr,
1170 3433 1185 3470 e
1203 3415 1269 3469 meis
1287 3412 1356 3470 alter

298 3494 398 3550 ericc.
417 3491 491 3573 alter.
502 3489 595 3546 Hamb.
615 3501 642 3548 ct
659 3492 758 3550 Dresd.

368 3581 402 3646 2)
426 3579 458 3634 Ε.
470 3576 538 3654 Rup.
551 3575 584 3631 N.
600 3581 623 3633 7.
646 3581 685 3634 ll.
705 3582 746 3634 15.
766 3584 808 3635 21.
828 3602 881 3638 sec.
895 3585 938 3637 25.
951 3585 994 3638 26.
1007 3586 1050 3638 27.
1063 3587 1105 3640 29.
1125 3584 1277 3662 multaeque
1288 3595 1355 3642 vett.

299 3664 359 3721 edd.
377 3661 489 3720 XXVII.
509 3682 523 3718 e
542 3661 609 3718 Acb.
628 3661 690 3719 libr.
709 3685 724 3718 e
741 3666 808 3721 meis
827 3664 880 3722 duo
898 3666 998 3723 Zwicc.

368 3751 404 3820 3)
429 3749 476 3805 Sic
493 3749 570 3806 lilart.
589 3747 647 3808 Vll.
667 3752 691 3805 9.
749 3821 757 3828 .

317 3920 347 3964 id.
360 3920 414 3964 ΧΠ.
428 3926 470 3966 26.
501 3918 622 3976 Sexaginta
635 3930 694 3966 teras
707 3935 778 3978 quum
790 3919 867 3964 limina
878 3936 944 3966 mane
957 3932 1049 3966 senator
1058 3947 1085 3956 -

298 3991 433 4050 luvenalis
451 3991 563 4048 eandem
580 3997 736 4050 varietatem
754 3993 781 4048 in
800 3991 859 4049 aliis
878 3994 986 4050 admisit
1003 3996 1128 4068 vocibus,
1148 3999 1187 4053 sic

352 4091 394 4133 ΙΙΙ.
412 4096 470 4135 28⁰.
501 4091 564 4147 Ergo
577 4105 622 4134 nou
635 4092 702 4136 aliter
714 4090 799 4156 poterit
813 4091 913 4135 dormire
926 4116 952 4124 —
966 4103 989 4136 et

395 4160 414 4202 l.
431 4165 471 4204 1⁵.
503 4159 531 4202 Et
543 4175 585 4204 nos
600 4175 655 4218 crgo
667 4175 757 4206 manum
769 4162 856 4206 ferulae
870 4160 1027 4208 subduximus.
