2980 4700
1213 291 1234 362 7

183 477 217 532 ut
239 487 304 530 nou
326 468 477 530 maximae
502 470 631 552 possint
648 468 785 555 proferri
808 468 1020 549 diversitates,
1041 475 1234 558 praesertim,

182 574 209 634 si
228 573 388 656 utriusque
410 578 536 655 spectes
558 575 723 658 originem,
746 570 921 651 consilium,
944 574 1146 655 ellectum1).
1178 577 1235 641 Vi-

182 672 291 739 demus
313 677 396 739 enim
420 675 568 756 autiquae
588 674 775 738 comoediae
797 679 951 740 rationem
975 699 1044 743 esse
1067 678 1176 757 talem,
1198 690 1234 744 ut

181 779 253 842 ioco
277 787 310 842 et
331 775 489 840 hilaritate
515 774 654 841 delectet
680 787 875 862 spectatores
902 777 1117 864 lectoresque,
1146 781 1233 867 quod

167 882 207 946 ⁴si
229 879 384 943 ademeris
406 888 504 942 totam
528 879 650 944 delebis
674 883 817 945 carminis
839 880 990 960 indolem,
1012 905 1117 968 neque
1138 885 1234 949 habe-

179 983 228 1047 bis
243 981 448 1048 comoediam.
486 984 611 1048 Satirici
632 994 743 1048 contra
765 994 883 1069 poetae
905 1006 1055 1069 mereque
1077 985 1233 1071 didactici‚

181 1085 288 1170 quales
311 1087 438 1150 Persius
466 1089 616 1172 imprimis
646 1097 677 1151 et
698 1086 871 1166 Iuvenalis,
903 1091 991 1152 cuius
1014 1109 1124 1154 versus
1152 1089 1233 1154 indi-

178 1191 288 1275 gnatio
318 1189 453 1269 fecit²)‚
482 1200 589 1274 spreto
619 1189 687 1254 fere
715 1189 773 1254 illo
801 1189 982 1256 delectandi
1010 1192 1131 1271 studio,
1158 1214 1233 1279 pro-

179 1289 271 1354 desse
294 1301 414 1356 tentum
436 1291 559 1356 volunt.
597 1292 705 1376 Quum
728 1293 894 1356 comoedia
918 1299 1056 1358 omniurn
1078 1301 1233 1380 perversi-

178 1405 275 1459 tatum
306 1403 338 1458 et
359 1398 508 1460 vitiorum
532 1395 762 1459 deformitatem
785 1394 919 1460 ridicule
941 1407 1058 1484 augeat
1084 1385 1116 1461 el
1142 1419 1233 1483 prae·

179 1509 228 1564 ter
249 1509 401 1576 naturam,
429 1509 465 1563 ut
487 1501 531 1562 ita
553 1498 653 1562 dicam
678 1499 818 1578 extollat,
841 1503 944 1578 satira,
966 1521 1008 1564 ne
1030 1500 1096 1564 fide
1119 1512 1232 1580 careat,

178 1605 307 1665 sinceris
336 1623 462 1688 semper
490 1601 651 1666 coloribus
674 1606 768 1666 vitem
797 1603 972 1691 depingere
995 1603 1100 1668 debet.
1146 1605 1232 1689 Quia

180 1715 282 1769 autem
305 1708 411 1769 inania
433 1707 594 1770 hominum
618 1705 720 1771 studia
745 1717 777 1770 et
799 1708 941 1772 facinora
963 1729 1041 1792 prae
1057 1711 1169 1772 ceteris
1192 1711 1232 1772 ri-

179 1808 276 1874 dendi
292 1809 448 1893 praebent
464 1813 634 1886 materiem,
657 1813 690 1872 in
712 1810 824 1874 iisdem
847 1812 942 1876 rebus
965 1813 1147 1895 saepissime
1163 1832 1232 1873 ver·
1300 1805 1303 1808 ’

177 1920 264 1974 satur
287 1911 469 1993 comoedia,
498 1915 531 1976 in
555 1911 668 1997 quibus
690 1914 792 1974 satira.

263 2014 311 2079 lta
339 2037 434 2100 quum
461 2015 630 2080 habeamus
654 2018 791 2078 carmina
813 2037 832 2078 e
854 2019 987 2101 proprio
1012 2018 1230 2082 Romanorum

176 2121 307 2203 iugenio
331 2119 490 2204 proiecta,
517 2123 598 2183 miro
620 2117 758 2202 quodam
780 2117 878 2183 modo
900 2119 952 2196 lit,
982 2129 1016 2182 ut
1039 2120 1149 2184 eadem
1171 2142 1231 2198 res,
1270 2125 1273 2130 ’

177 2242 258 2305 qnae
280 2223 313 2305 ip
335 2219 482 2308 legendis
504 2224 542 2283 iis
563 2223 693 2282 maxima
720 2239 780 2282 nos
803 2219 903 2282 afficit
924 2219 1106 2302 voluptate,
1134 2225 1223 2284 maxi-

177 2345 256 2385 mam
285 2321 377 2386 simul
405 2320 630 2408 intellegendis
660 2321 773 2385 aflerat
802 2320 1030 2386 difficultatem.
1077 2323 1230 2409 Namque,

173 2447 272 2516 quum
294 2428 363 2512 ipse
386 2423 470 2489 dicat
490 2425 649 2492 luvenalis
672 2436 730 2490 sat.
747 2426 772 2490 1.
795 2450 823 2490 v.
843 2427 896 2491 85.

282 2548 413 2612 Quidquid
432 2551 517 2612 egunt
534 2548 670 2614 homiues,
688 2549 780 2600 votum
785 2583 795 2617 ,
815 2551 908 2616 timor,
926 2549 983 2616 ira,
1002 2552 1140 2617 voluptas,

281 2635 400 2701 Gaudia,
420 2634 573 2703 discursus,
591 2635 680 2686 nostri
698 2640 742 2686 est
757 2638 869 2700 farrago
885 2635 980 2686 libelli.

175 2733 261 2798 nulla
286 2731 345 2796 alia
368 2736 492 2796 ratione
515 2733 628 2816 populi
651 2733 782 2798 alicuius
797 2735 935 2796 intimam
952 2734 1042 2814 quasi
1056 2734 1152 2796 vitam
1167 2749 1229 2796 me·

245 2977 277 3041 1)
300 2973 394 3031 Mitem
412 2975 520 3052 quidem
536 2976 760 3034 narratiunculam
778 2977 797 3033 l.
810 2975 889 3034 Laus.
903 2973 1049 3057 Lydusde
1066 2995 1132 3050 mag.
1150 2973 1227 3030 Rom.

174 3063 194 3118 l.
213 3064 247 3115 41
275 3065 417 3118 memoriae
434 3062 560 3130 tradidit,
584 3083 663 3137 quam
681 3065 705 3118 si
723 3081 909 3136 sequeremur,
934 3062 1014 3118 ctiam
1035 3059 1154 3135 rhythmi
1176 3059 1229 3113 lor·

173 3167 242 3204 mam
258 3149 339 3202 salira
357 3168 372 3200 a
391 3145 496 3200 Gracco
514 3146 632 3201 dramate
650 3146 779 3202 duxisset.
814 3145 942 3199 Perhibet
960 3147 1030 3198 euim
1047 3143 1229 3198 Rhinthouem

174 3231 349 3288 Tarentinum
370 3229 609 3304 hilerotragocdias
631 3250 741 3284 nurnero
764 3229 874 3282 heroico
896 3228 1054 3302 scripsisse,
1077 3229 1168 3302 itaque
1185 3247 1229 3282 au·

174 3337 231 3374 sam
254 3314 362 3371 dedisse
379 3313 499 3382 Lucilio,
523 3324 553 3370 ut
574 3316 669 3370 satiras
692 3313 786 3371 eodem
803 3327 914 3368 numero
933 3322 1113 3389 componeret.
1149 3311 1229 3380 Putat

174 3404 276 3460 Osann.
290 3401 341 3470 (de
353 3399 586 3478 Plautxrlmphitr.
605 3403 632 3457 in
647 3399 715 3456 llius.
727 3399 812 3456 Rhen.
834 3399 875 3456 ed.
895 3397 1065 3456 aWelclrero
1077 3399 1109 3455 Il.
1127 3420 1154 3477 p.
1166 3401 1225 3456 322.

174 3489 252 3566 sqq.)
269 3491 415 3566 scripsisse
431 3487 614 3544 Rhiuthouem
638 3490 778 3566 permixtis
798 3487 960 3543 hexametris
983 3496 1009 3542 et
1030 3485 1151 3542 iambicis
1169 3505 1227 3542 ver·

175 3577 264 3642 sibus3
288 3573 337 3630 sed
361 3593 440 3650 quum
464 3572 554 3630 nullus
578 3575 646 3632 alius
669 3578 787 3653 scriptor
809 3575 844 3630 de
865 3573 916 3630 hac
936 3594 966 3628 re
983 3572 1064 3628 verba
1084 3569 1177 3642 iaciat,
1200 3581 1227 3626 et

174 3663 262 3716 omnia
281 3662 399 3727 omuino,
418 3668 550 3734 quotquot
568 3661 601 3716 ad
619 3682 669 3718 uos
688 3669 878 3738 pervenerunt,
900 3657 1064 3715 Rhinthouis
1082 3654 1226 3732 fragmenta

174 3746 287 3802 iambico
311 3755 396 3802 metro
419 3747 475 3800 sint
497 3748 610 3824 scripta,
635 3745 758 3823 equidem
778 3749 870 3825 potius
888 3765 948 3801 cum
967 3741 999 3798 G.
1017 3741 1168 3801 Hermanno
1187 3762 1226 3797 er·

175 3852 249 3888 rasse
268 3831 427 3888 crediderim
445 3830 464 3888 l.
478 3829 591 3906 Lydum.
619 3831 663 3900 Et,
683 3853 764 3910 quum
781 3833 884 3888 Ennius
901 3831 954 3884 iam
970 3827 1152 3884 hexametrum
1168 3847 1226 3884 ver-

175 3936 234 3971 sum
255 3918 284 3972 in
301 3917 425 3973 Latinum
449 3938 600 3974 sermonem
621 3918 815 3984 introduxerit,
837 3911 909 3970 haud
927 3911 1008 3970 dubie
1025 3913 1098 3968 huuc
1117 3914 1225 3990 potissi·

176 4019 246 4056 mum
257 4004 374 4060 imitatus
385 4002 507 4060 Lucilius
519 4005 643 4061 satiricus
655 4021 761 4078 quoque
778 4001 856 4076 poesi
871 3998 939 4056 illud
955 4008 1069 4056 metrum
1087 3997 1215 4056 adhibuit.

245 4085 279 4154 2)
303 4086 345 4142 Cf.
365 4097 414 4142 sat.
427 4089 446 4144 l.
466 4094 507 4145 79.
