2980 4700
285 306 442 412 ιε’

283 524 408 607 scripta,
430 543 521 606 quam
537 531 573 586 nt
588 521 764 586 doctrinam
787 543 875 587 snam
898 523 1125 609 scientiamque
1141 528 1272 591 Homeri
1296 526 1343 590 le-

283 626 390 688 ctione
414 635 626 712 comparatam
650 636 811 691 ostenaret
840 625 1046 691 scholasticus
1075 626 1146 706 ille,
1177 632 1230 713 qui
1260 651 1342 716 poe·
1374 617 1377 622 ¹

283 736 345 790 tam
368 749 403 792 se
426 733 517 816 gerit.

373 831 436 896 Alii
465 833 530 898 duo
560 831 634 899 sunt
662 833 741 913 loci,
769 854 851 918 qnos
882 835 1022 919 quamvis
1045 836 1095 896 rix
1124 832 1340 920 digressiones

283 939 505 1012 nominaveris,
528 959 622 1022 quum
643 947 748 1000 tamen
771 957 811 999 eo
833 937 950 1000 similes
973 941 1038 1001 sint
1059 936 1228 1022 prioribus,
1249 937 1338 1022 qnod

283 1049 417 1124 uterque
440 1043 593 1102 orationis
616 1061 730 1103 nexum
753 1059 886 1124 prorsus
910 1039 1027 1104 dirimit
1053 1051 1148 1126 atque
1176 1045 1341 1105 interrum-

283 1145 338 1226 pit,
364 1143 411 1204 his
435 1141 623 1206 subnectere
646 1141 731 1211 haud
755 1141 890 1206 alienum
914 1141 987 1207 dixi.
1034 1146 1163 1210 Dictum
1186 1149 1268 1210 enim
1293 1154 1344 1208 est

283 1247 315 1308 in
338 1245 617 1330 praecedentibus:

836 1364 890 1413 sed
908 1352 1031 1422 tempore
1048 1363 1120 1412 testo

390 1445 512 1497 Alterius
530 1445 624 1508 populi
635 1445 771 1510 rapienda
789 1446 899 1498 occasio
918 1446 1026 1496 cunctis

301 1527 353 1598 40)
389 1532 457 1581 Visa
473 1530 641 1580 inimicorum
660 1531 820 1592 primoribus
839 1545 872 1582 ae
891 1531 1012 1596 ducibus,
1031 1543 1066 1580 ne

388 1619 503 1668 Laetum
520 1614 685 1681 hilaremque
703 1617 783 1682 diem,
801 1630 836 1666 ne
854 1629 970 1680 magnae
988 1615 1087 1680 gandia
1104 1629 1210 1666 coenae

389 1701 654 1768 sentirent,'positis
673 1705 707 1754 ad
725 1705 826 1765 templa
844 1706 872 1753 et
890 1701 1009 1763 compita
1026 1701 1127 1751 mensis

388 1787 572 1853 Pervigiliqne
590 1794 662 1855 toro,
682 1803 760 1854 quem
779 1792 860 1839 nocte
879 1802 913 1838 ac
930 1789 992 1838 lnce
1011 1787 1146 1839 iacentem

390 1875 528 1938 septimus
546 1875 680 1926 interdum
699 1876 742 1926 sol
761 1873 873 1924 invenit.
1001 1862 1008 1880 ¹

284 1966 349 2027 lam
372 1968 515 2049 sequitur
536 1965 774 2052 languidissima
797 1987 834 2028 ac
856 1964 990 2029 molesta
1014 1964 1214 2029 exclamatio:

888 2093 1006 2144 Horrida
1023 2107 1090 2144 sane
1186 2115 1189 2123 ¹

225 2206 226 2209 ¹
302 2175 356 2246 45)
390 2179 550 2245 Aegyptus!
574 2183 624 2232 sed
640 2181 758 2247 linaria,
778 2183 906 2244 qnantum
924 2181 985 2243 ipse
1002 2180 1096 2231 nonni

364 2311 365 2316 ,
392 2270 512 2320 Barbara
527 2269 633 2318 famoso
652 2281 706 2318 noa
728 2267 802 2318 cedit
818 2267 878 2330 ripa
897 2264 1018 2330 Canopo.

286 2374 328 2436 Et
350 2382 414 2436 turn
439 2373 479 2436 ad
502 2378 682 2439 orationem
704 2373 841 2438 redeunt
861 2394 987 2437 versus:
1011 2383 1014 2391 ⁴

390 2491 467 2540 Adde
485 2493 555 2552 quod
574 2493 712 2541 etfacilis
729 2492 846 2542 victoria
865 2494 898 2542 de
916 2495 1030 2545 madidis
1049 2497 1078 2544 et

391 2574 497 2626 Blaesis
514 2579 596 2638 atque
614 2587 689 2625 mero
708 2576 896 2626 titubantibus.

285 2675 337 2739 Ne
352 2671 468 2738 multus
483 2675 550 2750 sim,
572 2675 605 2737 in
629 2694 668 2737 eo
694 2684 778 2738 certe
800 2673 953 2738 laudandi
975 2684 1048 2738 sunt
1063 2675 1239 2740 Franckius
1258 2698 1344 2742 enm-

287 2800 349 2864 que
371 2787 496 2842 sccutus
519 2778 734 2856 HeinrichinS‚
764 2778 851 2864 quod
874 2789 1105 2866 perspexerunt
1128 2789 1222 2865 atque
1246 2801 1342 2864 expo-

286 2891 417 2946 suerunt
438 2885 514 2946 istas
535 2884 686 2968 ineptias,
712 2901 779 2944 non
802 2885 835 2944 in
858 2902 914 2960 eo,
938 2883 1025 2968 qnod
1047 2887 1093 2967 pii
1116 2883 1262 2947 monachi
1286 2905 1343 2966 pn-

287 2996 393 3051 tarnnt
415 2986 693 3072 interpolationem
709 2983 807 3047 verba
829 2983 906 3046 inde
930 2985 968 3047 ab
991 2984 1164 3060 ‚‚Horrida“
1179 3003 1278 3064 nsque
1295 2984 1342 3060 ,ad

287 3090 549 3171 ,‚titubantibus“,
579 3111 670 3175 qnam
699 3087 861 3174 permultis
889 3086 1028 3150 artificiis
1055 3085 1202 3149 adhibitis
1224 3105 1342 3169 nequa-

287 3217 380 3281 qnam
403 3193 625 3259 verisimilem
648 3193 788 3258 reddidit
809 3192 984 3257 Franckins
1007 3215 1039 3278 p.
1057 3193 1140 3270 107,
1167 3191 1286 3253 etiamsi
1309 3191 1344 3252 in

289 3310 357 3364 tota
377 3302 533 3364 sententia
556 3297 649 3363 facile
671 3301 709 3362 iis
732 3319 840 3362 carcre
862 3317 1039 3383 possumne,
1067 3293 1153 3380 qnod
1175 3313 1343 3378 perperam

289 3411 410 3488 negant
436 3402 587 3487 Pinzger,
615 3399 677 3482 (de
698 3423 796 3465 veras.
827 3423 927 3486 spurr.
959 3409 991 3463 et
1019 3397 1101 3460 male
1129 3405 1279 3481 suspectt.
1309 3399 1344 3458 in

288 3505 354 3570 luv.
373 3499 457 3584 sat.)
479 3501 630 3583 Orellius‚
654 3503 693 3570 C.
717 3506 759 3570 O.
782 3502 929 3580 Mueller,
952 3501 1076 3582 (Goett.
1099 3499 1242 3587 gelehrte
1263 3500 1342 3562 Anz.

290 3611 384 3676 1822.
411 3633 442 3694 p.
465 3608 552 3689 852)
566 3609 608 3688 ¹).
645 3608 847 3695 Magnopere
869 3617 973 3670 antem
997 3607 1101 3682 miror,
1129 3601 1215 3689 quod
1238 3623 1344 3668 merae

288 3715 367 3777 istae
395 3714 524 3797 pessimi
553 3722 672 3798 poetae
701 3729 974 3798 nugaegsnmmos
1007 3711 1093 3774 viros
1129 3716 1241 3773 nactae
1270 3715 1345 3770 sunt

360 3984 394 4052 1)
417 3982 474 4038 Alii
492 3992 579 4039 antem
597 4001 702 4050 verens,
714 3998 789 4060 (quos
808 3983 916 4056 spurios
936 3977 1064 4034 indicavit
1079 3975 1225 4032 Franclrins
1245 3975 1290 4044 (in
1309 3975 1346 4032 al·

290 4075 356 4132 tera,
378 4076 408 4120 ut
425 4067 541 4135 videtur,
560 4066 594 4122 de
610 4065 745 4122 Iuvenalis
763 4067 818 4120 vita
836 4064 1027 4141 disputatione.
1064 4062 1151 4138 Dorp.
1171 4063 1247 4118 1827.
1267 4081 1346 4138 qnam

291 4150 325 4205 ad
343 4167 449 4206 manum
466 4168 522 4204 non
539 4151 650 4220 habui),
671 4152 855 4208 consentiente
873 4146 1043 4206 Heinrichio:
