2980 4700
262 529 376 604 „tione
398 524 574 604 (alternum
591 529 709 613 puppis
727 526 808 592 latus
825 529 1038 594 evertentibus
1054 531 1177 610 undis),
1201 533 1323 596 nullam

261 632 319 708 ,‚(i.
343 650 371 692 e.
402 633 518 694 omissa
547 632 581 696 in
603 631 782 695 vehementi
810 641 841 694 et
867 630 1014 696 celeriter
1036 633 1225 698 decurrente
1249 657 1323 700 ora-

263 733 368 814 „tione
390 733 559 818 particula,
584 744 616 800 et
638 734 779 814 nullam)
801 734 972 819 prudentia
996 741 1066 800 cani
1087 741 1219 802 rectoris
1243 760 1323 802 con-

262 835 384 914 „ferret
407 858 516 922 opem:
540 836 689 903 decidere
712 841 796 902 iactu
819 848 851 902 et
873 861 902 922 q.
926 845 989 923 sq.“
1034 843 1076 904 At
1098 843 1218 918 nescio,
1242 841 1320 926 quid

262 939 378 1004 babeat
405 944 543 1005 insuavis
573 951 667 1025 atque
695 940 832 1025 impoliti
856 945 1004 1005 universa
1027 943 1106 1006 haee
1129 947 1318 1010 enuntiatio.

262 1042 403 1130 Singulis
419 1047 502 1107 enim
517 1043 659 1128 partibus
677 1052 739 1106 tam
755 1043 892 1108 obscure
913 1044 1107 1130 perturbatis
1131 1058 1226 1132 atque
1248 1069 1321 1132 per-

261 1148 372 1222 mixtis,
395 1157 429 1210 ut
451 1167 519 1210 nou
540 1145 634 1211 facile
651 1146 867 1232 expedientur,
891 1154 923 1211 et
938 1145 1158 1214 diversissimis
1176 1161 1321 1216 constru-

262 1248 421 1314 ctionibus
451 1255 507 1337 uni
529 1249 630 1316 verbo
660 1253 838 1316 coniunctis
861 1255 977 1337 (quum
1001 1251 1110 1318 alveus
1133 1251 1248 1338 plenus
1271 1253 1321 1316 fo-

261 1362 311 1418 ret
331 1352 431 1418 fluctu
455 1364 487 1420 et
509 1355 631 1419 arboris
654 1357 821 1433 incertae),
845 1357 959 1418 omissa
976 1354 1113 1439 denique
1134 1357 1233 1418 altere
1249 1379 1321 1440 par-

261 1455 358 1522 ticula
380 1463 453 1534 „et“,
466 1457 564 1541 ¹quod
584 1456 697 1521 eodem
714 1455 812 1519 modo
828 1454 1010 1519 Iuvenalem
1028 1456 1103 1520 alibi
1119 1458 1232 1520 fecisse
1249 1479 1317 1522 non

262 1559 483 1637 animadverti,
512 1561 623 1624 mirum
646 1561 679 1622 in
701 1557 830 1622 modum
853 1560 1135 1644 quotienscumque
1164 1561 1222 1624 hos
1245 1581 1317 1624 ver·
1376 1602 1381 1607 -

259 1685 313 1726 sus
334 1661 478 1750 perlego,
500 1683 628 1749 pungor
651 1675 745 1748 atque
768 1661 934 1737 ofieud0r3
956 1683 1061 1747 neque
1084 1664 1177 1726 etiam
1193 1662 1318 1726 Madvi-

261 1767 307 1854 gii
337 1767 466 1854 egregia
496 1787 595 1851 opera
625 1766 826 1852 corruptelae
854 1766 914 1830 sub
942 1764 1077 1828 vocibus
1105 1766 1253 1843 „arboris
1282 1769 1318 1829 in

262 1875 383 1934 certae“
397 1869 523 1936 latentis
539 1872 762 1956 suspicionem,
785 1892 877 1957 quam
893 1865 1011 1932 dudum
1027 1870 1089 1930 iam
1105 1867 1268 1932 volverem
1284 1873 1319 1932 in

261 1975 375 2049 animo,
397 1995 529 2056 prorsus
552 1975 627 2038 mihi
650 1978 771 2039 exemit.
807 1973 987 2040 Confirmat
1008 1981 1115 2036 autem
1131 1974 1317 2056 opinionem

259 2093 360 2136 meam
388 2073 589 2138 librariorum
615 2078 648 2137 iu
677 2079 755 2160 ipsis
784 2079 831 2138 his
853 2077 959 2139 verbis
987 2075 1206 2140 dissidentium
1237 2080 1319 2141 osci-

260 2179 366 2256 tantia,
389 2198 485 2262 quum
508 2199 546 2242 ex
568 2188 643 2242 octo
658 2180 804 2266 Rupertii
826 2178 915 2243 libris
936 2200 995 2264 pro
1017 2181 1192 2257 ,‚incertae“
1209 2190 1319 2243 enota-

260 2291 326 2345 tum
349 2284 390 2345 sit
410 2283 576 2360 ,‚incerto“,
598 2283 786 2368 quibuscum
809 2286 992 2367 conspirant
1015 2282 1124 2348 decem
1144 2284 1318 2348 Achaintrii

261 2383 390 2448 codices
419 2393 452 2446 et
480 2407 518 2447 ex
545 2389 623 2449 meis
649 2389 804 2450 Zwiccav.
825 2387 937 2450 Hamb.
961 2387 1000 2450 11.
1026 2385 1159 2452 Cbemn.
1206 2386 1317 2450 Editio

260 2481 360 2570 priua.
384 2485 478 2546 Rom.
503 2485 628 2548 exbibet
648 2489 813 2561 ,‚incerti“.
859 2489 970 2570 Itaque
997 2489 1224 2571 comprobetur
1252 2489 1318 2552 for-

259 2596 353 2664 tasse,
375 2607 467 2670 quam
482 2587 707 2670 propositurus
723 2608 800 2662 sum,
820 2587 1007 2664 emendatio,
1031 2588 1159 2672 reliquis
1174 2593 1316 2654 virorum

261 2690 428 2756 doctorum
449 2690 648 2768 coniecturis
670 2689 757 2775 quod
780 2689 821 2754 ad
843 2689 1004 2756 literarum
1026 2693 1239 2768 mutationem,
1261 2712 1316 2754 ve-

259 2794 428 2872 risimilior,
451 2794 539 2879 quod
562 2793 603 2858 ad
625 2797 823 2874 sententiam,
846 2803 900 2860 eut
920 2794 1041 2874 melior,
1063 2803 1118 2860 aut
1140 2804 1225 2860 certe
1241 2815 1316 2858 uon

259 2898 401 2962 inferior.
447 2898 501 2959 Sic
523 2900 605 2960 enim
628 2897 829 2962 scribendum
853 2919 922 2960 esse
945 2908 1040 2982 puto:

367 3051 455 3110 Quum
473 3049 570 3110 plenus
587 3044 672 3097 fluctu
690 3045 794 3096 medius
811 3047 884 3096 foret
901 3047 997 3096 alveus
1016 3051 1056 3113 et,
1075 3047 1128 3098 iam

365 3136 506 3186 Alternum
524 3133 622 3197 puppis
638 3134 712 3183 latus
730 3132 915 3182 evertentibus
931 3132 1010 3183 undis

365 3223 562 3285 Arboreque
579 3221 726 3286 incerte,
744 3220 846 3270 nullam
863 3217 1084 3281 prudentissimi

364 3308 492 3358 Rectoris
511 3309 649 3358 conferret
667 3319 758 3368 opem:
784 3305 909 3356 decidere
927 3304 1002 3356 iustu

367 3389 466 3452 Coepit
484 3397 512 3442 et
530 3406 556 3454 q.
574 3407 614 3454 sq.

450 3473 460 3496 Ι

260 3541 298 3584 ea
326 3519 495 3584 sententia:
525 3565 541 3594 „
549 3538 644 3601 quum
667 3485 787 3604 plenus
805 3520 889 3583 foret
911 3517 1020 3582 alveus
1043 3519 1157 3597 ductu,
1188 3531 1218 3584 et
1244 3542 1315 3605 pru-

258 3622 383 3702 „deutia
399 3623 470 3686 cani
484 3623 625 3700 rectoris,
649 3645 743 3706 quum
764 3626 824 3688 iam
845 3621 950 3686 undae
960 3621 1125 3689 'alternum
1139 3625 1256 3708 puppis
1272 3622 1316 3686 la-

156 3797 158 3800 ,
258 3735 326 3806 „tus
349 3734 529 3790 everterent
551 3723 713 3810 malusque
738 3735 822 3788 esset
842 3729 989 3802 incertus,
1012 3726 1131 3792 nullam
1154 3725 1314 3790 conferret

258 3851 388 3917 „opem:
410 3827 558 3894 decidere
582 3831 690 3914 coepit
711 3837 770 3891 etc.
795 3834 871 3892 etc.“
903 3828 992 3912 Quid
1016 3832 1116 3894 euim?
1137 3847 1245 3892 nonne
1268 3825 1314 3886 fa·
1345 3863 1349 3868 -

259 3933 382 4010 cillime‚
406 3953 501 4017 quum
516 3953 575 4016 per
590 3932 813 4017 compendium
831 3943 1011 3996 exereretur
1026 3932 1203 4014 „arboreq“,
1227 3927 1313 3994 festi-

258 4054 339 4098 nans
366 4033 512 4098 librarius
541 4038 573 4097 iu
603 4037 736 4121 genitivi
763 4035 895 4099 formam
925 4034 1071 4099 aberrare
1099 4034 1219 4118 potuit?
1249 4053 1312 4118 quo

260 4137 345 4201 sacto
368 4155 482 4215 vocem
503 4186 519 4212 ‚‚
527 4140 647 4201 incerta
655 4144 671 4172 “
695 4138 748 4204 alii
769 4142 803 4203 in
826 4141 994 4217 ,‚incerto“
1016 4146 1184 4214 mutarunt,
1206 4136 1313 4220 (quod
