2980 4700
254 315 304 388 86

258 499 349 578 Mai.)
363 495 573 582 comprobari,
594 495 772 574 sedetiam,
794 506 924 581 accepta
938 493 1068 582 vulgata
1088 495 1145 560 illa
1164 494 1316 578 lectione,

259 623 358 687 aeque
386 600 470 664 bene
498 603 659 685 posterior
687 598 828 664 eiusdem
857 601 995 663 nominis
1026 599 1137 662 consul
1166 601 1315 690 intellegi

257 707 367 792 possit,
389 703 498 788 quales
520 702 619 767 inisse
640 705 817 788 accepimus
836 703 960 766 lunium
976 701 1116 768 Silanum
1136 703 1315 785 Sisennam,

260 829 325 872 cos.
355 829 383 870 a.
411 830 443 871 u.
471 807 573 886 886,
591 806 632 891 Q.
661 807 786 871 lunium
812 807 990 884 Rusticum,
1020 827 1086 870 eos.
1117 829 1145 869 a.
1167 830 1197 871 u.
1225 809 1311 885 915,

260 913 300 975 T.
322 912 445 975 lunium
468 911 672 988 Montanum,
702 930 769 973 cos.
791 932 819 973 a.
841 931 871 973 u.
901 911 976 972 921.
1000 920 1058 974 etc.
1104 910 1156 974 De
1183 910 1232 973 his
1258 934 1311 975 au-

260 1025 323 1079 tem
347 1018 424 1079 certi
445 1014 525 1079 nihil
546 1023 655 1100 potest
678 1024 831 1092 constare,
853 1011 886 1076 id
909 1033 1005 1076 unum
1026 1016 1242 1090 certissimum,
1265 1014 1314 1077 lu,
1422 1073 1428 1084 ,
1485 1051 1486 1072 r

258 1117 404 1182 venalem
426 1137 494 1181 non
516 1137 586 1180 esse
608 1118 701 1181 huius
725 1119 867 1181 carminis
890 1126 1059 1179 auctorem.

348 1325 531 1403 Postremo,
560 1345 641 1409 quae
663 1332 717 1387 aut
739 1326 772 1387 in
795 1325 964 1408 scriptura,
994 1323 1103 1385 autin
1126 1325 1314 1406 interpreta-

259 1431 349 1492 tione
370 1449 535 1514 perperam
558 1450 576 1490 a
600 1427 817 1512 superioribus
835 1427 1004 1490 constituta
1020 1434 1101 1503 sunt,
1124 1434 1312 1510 praeterea,

261 1551 341 1615 quae
364 1531 468 1594 obiter
489 1553 584 1614 suppa
604 1533 663 1593 iam
682 1531 779 1615 attigi,
802 1550 904 1613 pauca
918 1549 1096 1614 persequar.
1132 1529 1178 1590 Ac
1191 1529 1312 1612 primus

261 1633 386 1718 quidem
409 1633 568 1698 notandus
592 1643 639 1698 est
660 1635 864 1717 interpretum
888 1653 978 1696 error
999 1634 1032 1695 in
1054 1655 1106 1704 vv,
1129 1633 1172 1696 62
1187 1669 1225 1682 -
1238 1633 1291 1696 tt.

660 1760 735 1822 Ergo
754 1758 844 1808 acrior
862 1757 994 1824 impetus,
1012 1759 1040 1807 et
1057 1755 1112 1807 iam

366 1847 439 1896 Saxa
455 1843 593 1896 inellnatis
611 1857 660 1908 per
677 1846 784 1895 humum
803 1842 927 1906 quaesita
943 1841 1056 1894 lacertis

364 1931 499 1993 Incipiunt
517 1935 652 1994 torquere.

348 2040 474 2104 Etenim
490 2061 585 2123 quum
600 2040 771 2121 Rupertius
788 2041 963 2122 coniungat
985 2060 1082 2115 „saxa
1099 2041 1238 2125 quaesita
1254 2059 1314 2124 per

259 2144 402 2224 „humum
425 2141 582 2207 inclinatis
605 2141 757 2218 lacertis“,
777 2139 811 2203 id
829 2159 896 2202 non
910 2139 1037 2204 videtur
1052 2145 1235 2227 respexisse,
1257 2142 1314 2205 ho-

260 2251 361 2312 mines
389 2245 512 2334 lapides
541 2267 599 2332 per
626 2245 753 2308 humum
779 2252 967 2329 quaerentes
995 2265 1063 2308 non
1085 2245 1239 2310 inclinare
1261 2244 1314 2309 vel

259 2353 424 2416 incurvare
442 2350 578 2428 brachia,
601 2346 657 2415 sed
681 2351 789 2434 potius
813 2346 993 2412 extendere.
1027 2349 1138 2435 ltaque
1154 2351 1233 2414 haec
1248 2352 1315 2434 qui·

260 2451 332 2516 dem
356 2453 524 2538 explicatio
548 2453 623 2516 ferri
645 2455 768 2536 nequit;
798 2473 901 2536 neque
928 2451 1090 2516 meliorem
1113 2452 1314 2516 Achaintrins

244 2557 444 2641 proposuit,
481 2558 534 2639 qui
568 2553 726 2618 inclinatis
758 2554 884 2619 lacertis
914 2577 982 2618 cum
1012 2555 1182 2639 torquendi
1211 2554 1313 2618 verbo

261 2660 413 2746 coniungi
435 2658 536 2732 iubet;
566 2678 638 2720 nam
661 2678 766 2742 neque
789 2656 937 2722 iaculatio
960 2656 1030 2720 fieri
1053 2666 1159 2741 potest
1181 2655 1313 2719 inclina-

139 2805 143 2816 ι
261 2765 301 2826 tis
322 2763 465 2840 brachiis,
493 2765 526 2826 in
550 2762 661 2846 quibus
684 2761 772 2826 nulla
795 2765 842 2825 vis
865 2764 956 2840 inest,
978 2759 1034 2824 sed
1056 2763 1184 2824 intentis
1207 2782 1244 2824 ac
1266 2763 1314 2822 ni-

260 2864 409 2943 tentibus,
437 2887 541 2949 neque
563 2865 712 2930 inclinata
735 2864 861 2928 brachia
884 2863 995 2950 legere
1017 2867 1152 2942 memini,
1178 2863 1236 2927 sed
1257 2884 1315 2948 po-

260 2969 323 3030 tins
338 2968 509 3031 incurvata.
543 2966 691 3031 Inclinari
714 2976 817 3030 autem
839 2969 863 3028 ii
882 2967 1038 3045 dicuntur,
1061 2969 1113 3050 qui
1136 2967 1176 3030 ad
1199 2977 1313 3030 terram

260 3090 331 3134 sese
353 3067 528 3134 deflectunt
549 3070 603 3151 (ci.
628 3091 708 3156 quos
727 3069 900 3134 Forcellini
923 3068 1039 3149 laudat,
1062 3069 1149 3135 Ovid
1171 3081 1244 3135 met.
1259 3072 1313 3134 XI.

259 3175 334 3238 355.
356 3174 514 3260 „Parsque
529 3173 626 3239 boum
642 3174 736 3238 fulvis
754 3191 859 3261 genua
878 3173 1045 3237 inclinarat
1061 3177 1195 3248 arenis“;
1219 3173 1314 3237 Mart.

260 3275 284 3339 l.
309 3277 358 3352 77,
389 3278 418 3341 7.
448 3277 608 3354 „Palladis
638 3276 734 3340 arbor
762 3275 898 3340 Inclinat
920 3279 1022 3340 varias
1051 3278 1197 3363 pondere
1223 3281 1314 3362 nigra

260 3384 425 3456 „comas“;
450 3381 540 3466 Virg.
564 3382 644 3444 Aen.
660 3381 728 3444 XII.
751 3382 803 3444 59.
827 3383 938 3459 „inte
962 3383 1064 3444 omnis
1088 3380 1200 3446 domus
1224 3378 1315 3441 incli-

259 3490 356 3561 „nata
378 3481 562 3557 recumbit“;
585 3485 651 3548 Iuv.
668 3494 724 3548 sat.
741 3485 794 3549 111.
818 3486 893 3550 316.
916 3481 991 3563 „Sol
1013 3483 1152 3560 inclinat,
1175 3478 1314 3546 eundum

259 3592 354 3664 „est“
383 3586 584 3651 usitatissimo
615 3583 741 3652 dicendi
769 3591 929 3675 genere).
980 3586 1189 3668 ‚,1nclinatis“
1217 3587 1315 3672 igitur

260 3711 329 3752 cum
352 3691 521 3776 participio
547 3691 734 3772 „quaesita“
756 3691 1015 3778 coniungendam
1038 3702 1072 3756 et
1093 3711 1133 3755 eo
1160 3688 1314 3775 loquendi

259 3813 393 3879 genere,
422 3814 487 3877 quo
509 3791 677 3879 participio
699 3796 828 3877 passivo
852 3793 976 3858 dativus
1003 3815 1162 3881 personae
1190 3793 1313 3876 agentis

261 3897 471 3980 componitur,
495 3894 535 3960 de
552 3898 720 3984 Aegyptiis
741 3895 992 3985 intellegendum
1016 3909 1076 3973 est;
1099 3907 1163 3959 tum
1185 3893 1313 3956 lacertis

259 3999 399 4080 pertinet
420 3997 461 4062 ad
485 3998 655 4084 torquendi
678 3997 816 4064 verbum.

348 4094 476 4172 Deinde
499 4098 667 4166 dicendum
692 4112 740 4167 est
762 4099 802 4165 dc
824 4123 874 4164 vv.
900 4105 972 4168 131.
994 4121 1061 4187 sqq.
