2980 4700
269 316 319 390 ,Ὠ

356 502 501 564 Priorum
523 501 730 586 interpretum
754 522 876 566 errores
900 505 989 586 quasi
1010 506 1043 568 iu
1060 517 1204 572 saturam
1227 533 1323 596 quan-

269 603 339 668 dam
362 604 545 688 composuit
566 606 693 689 suisque
716 605 858 674 condivit
879 608 1066 690 Rupertius,
1095 631 1192 693 quare
1218 612 1260 676 ad
1286 613 1323 676 il-

267 704 332 768 lum
354 709 457 770 statim
481 727 541 772 nos
563 718 730 773 vertamus.
774 709 898 773 Iudicat
917 712 1063 794 primum,
1092 720 1123 774 et
1144 723 1231 776 recte
1255 718 1322 799 qui·

267 806 355 887 dem,
382 809 443 876 hos
465 833 577 876 versus
599 834 766 898 perperam
789 834 808 875 a
830 800 994 876 nonnullis
1017 811 1057 876 de
1078 814 1253 879 hominihus
1283 815 1320 878 li-

266 910 352 976 beris
369 935 439 978 esse
454 915 642 990 intellectos,
666 919 718 998 qui
733 914 784 977 vel
801 937 875 978 aere
891 915 997 978 alieno
1014 914 1127 994 obruti,
1150 920 1213 981 sive
1235 916 1317 982 adeo

267 1013 347 1080 lucri
362 1019 581 1102 pecuniaeque
598 1014 705 1101 cupidi
729 1025 822 1100 caput
844 1037 941 1093 suum,
964 1021 984 1080 i.
1002 1040 1029 1081 e.
1054 1040 1089 1082 se
1112 1004 1200 1104 ipsos
1214 1022 1318 1082 venire

268 1118 327 1182 sub
358 1119 447 1180 hasta
468 1115 568 1180 veluti
594 1137 704 1180 servos
728 1128 920 1204 paterentur.
966 1119 1031 1184 Sed
1053 1142 1121 1184 non
1144 1133 1193 1186 est
1214 1125 1322 1186 verisi-

265 1218 347 1295 mile,
371 1221 494 1284 Romae
516 1218 650 1284 liberum
672 1225 772 1286 civem
793 1221 952 1288 luvenalis
975 1224 1181 1312 temporibus,
1203 1235 1239 1289 ut
1260 1246 1321 1289 ser-

265 1345 339 1405 vum
354 1322 449 1408 Syria
464 1323 704 1390 Mauretaniave
726 1336 837 1403 ortum,
860 1328 919 1390 sub
943 1329 1031 1391 hasta
1054 1349 1090 1390 se
1111 1331 1265 1411 posuisse,
1288 1339 1323 1392 ut

172 1429 173 1432 ’
265 1431 402 1504 veniret;
427 1449 563 1511 namque
585 1427 646 1488 alia
669 1431 730 1490 iam
752 1450 803 1490 res
826 1436 887 1502 est,
909 1431 935 1488 si
959 1431 1027 1511 quis
1051 1448 1167 1490 arenae
1190 1450 1320 1512 operam

268 1550 356 1591 suem
385 1527 521 1591 locabat.
567 1526 786 1611 Intellegenda
810 1535 913 1590 autem
936 1536 1009 1590 sunt
1029 1531 1175 1614 negotia,
1206 1531 1320 1615 quibus

264 1632 382 1693 vietum
399 1636 625 1712 quaestumque
642 1628 736 1692 nobis
755 1651 910 1716 paramus,
931 1631 1032 1714 iisque
1054 1630 1125 1694 talis
1148 1635 1197 1697 sui
1219 1636 1319 1718 ipsius

263 1728 406 1793 venditio
430 1728 628 1794 adnumerari
651 1731 741 1795 nullo
764 1731 861 1796 modo
885 1742 1000 1818 potest,
1024 1755 1065 1797 ne
1081 1733 1182 1798 dicam
1205 1735 1245 1798 de
1269 1756 1318 1814 eo,

264 1832 352 1918 quod
374 1832 534 1900 hocloco
559 1831 599 1898 de
623 1833 773 1902 divitibus
795 1839 856 1900 iam
878 1833 1132 1921 redemptoribus
1156 1841 1245 1923 (quis
1274 1838 1319 1900 fa-

251 1934 324 2014 ,cile
339 1941 421 2019 etc),
445 1937 650 2026 cogitandum
674 1950 728 2018 est,
752 1940 793 2004 ad
816 1961 896 2025 quos
919 1937 1054 2024 simplici
1075 1941 1229 2026 particula
1252 1945 1319 2018 ,‚et“

262 2059 330 2103 non
352 2052 489 2125 possunt
505 2042 642 2130 adiungi,
666 2045 720 2126 qui
742 2045 874 2129 penuria
898 2045 1000 2105 coacti
1022 2044 1055 2105 in
1078 2047 1261 2107 servitutem
1282 2063 1319 2106 se

262 2142 416 2208 vendunt.
468 2146 572 2230 Atque
600 2167 726 2210 omnem
754 2145 840 2208 illam
870 2147 1054 2231 opinionem
1082 2143 1228 2229 pluribus
1257 2147 1318 2210 iam

166 2257 170 2266 '
262 2247 369 2312 verbis
391 2249 542 2314 refutavit
564 2249 604 2316 G.
629 2252 666 2315 E.
689 2249 820 2314 Weber
843 2251 895 2331 (in
918 2269 1039 2314 recens.
1062 2247 1129 2313 luv.
1152 2249 1260 2314 Heinr.
1284 2252 1319 2313 in

263 2352 365 2415 lahuii
388 2375 462 2417 ann.
483 2353 594 2439 philol.
621 2356 716 2420 1841.
739 2355 778 2417 11.
801 2377 832 2439 p.
859 2355 953 2432 125.)
998 2351 1127 2416 Deinde
1149 2375 1227 2418 vero
1251 2373 1319 2418 uon

250 2457 365 2522 ,miuus
387 2457 525 2538 ineptam
548 2459 618 2538 ipse
640 2459 813 2538 Rupertius
839 2459 995 2538 proponit
1015 2458 1218 2534 sententiam,
1247 2454 1320 2519 ulti-

263 2576 347 2618 mum
369 2552 460 2618 illum
481 2577 607 2620 versum
631 2553 671 2618 de
693 2553 842 2642 vectigali
864 2575 966 2617 rerum
990 2554 1149 2618 venalium
1172 2565 1204 2619 et
1228 2579 1319 2640 pree-

264 2660 357 2744 cipue
384 2660 612 2745 mancipiorum
640 2656 758 2721 dictum
788 2678 858 2720 esse
883 2668 984 2732 ratus,
1013 2677 1105 2740 quam
1128 2660 1317 2720 sententiam

265 2762 412 2848 equidem
434 2762 522 2828 nulla
544 2773 613 2827 arte
636 2783 654 2826 e
676 2771 793 2848 poetae
808 2760 913 2826 verbis
931 2759 1045 2822 elicere
1060 2780 1198 2845 possum,
1222 2781 1317 2845 quum

263 2869 394 2950 iusuper
409 2867 538 2930 obstent
559 2868 633 2928 huic
655 2866 917 2948 interpretationi,
940 2885 1022 2947 quae
1044 2885 1139 2950 supra
1160 2885 1254 2948 quum
1277 2862 1320 2927 de

265 2966 346 3044 aliis,
375 2977 439 3030 tum
464 2967 506 3031 de
528 2968 638 3050 capitis
661 2985 721 3028 usu
743 2967 867 3039 monui,
890 2986 1015 3027 servum
1038 2986 1105 3028 uon
1128 2966 1245 3030 habere
1269 2987 1319 3028 ee-

264 3081 331 3156 put.
366 3069 477 3150 Aliam,
500 3071 526 3133 si
549 3077 636 3132 recte
659 3068 793 3144 memini,
817 3066 1058 3152 explicationem
1080 3071 1114 3131 in
1128 3071 1319 3132 recensione

264 3175 373 3240 Heinr.
401 3176 510 3239 luven.
540 3196 558 3236 a
588 3172 698 3235 Iahnio
723 3173 792 3234 viro
821 3168 1004 3235 doctissimo
1034 3174 1213 3256 conscripta
1243 3170 1318 3258 legi,

263 3288 375 3365 „caput
397 3279 552 3364 praebere
575 3275 634 3340 sub
657 3275 763 3338 hasta“
779 3273 820 3338 de
843 3279 1018 3360 praeconio
1038 3296 1108 3340 esse
1130 3274 1320 3360 intellegen-

265 3381 347 3459 dum,
370 3402 433 3443 una
449 3382 575 3464 saepius
591 3400 661 3442 cum
675 3380 813 3442 Libitina
830 3390 1084 3456 commemorato,
1100 3376 1187 3462 quod
1202 3388 1318 3439 utrum-

265 3506 326 3571 que
354 3485 520 3570 negotium
549 3490 731 3545 exercentes
761 3492 793 3546 et
823 3501 953 3566 magnas
985 3501 1063 3564 opes
1096 3488 1128 3540 et
1158 3477 1316 3540 infamiam

266 3586 421 3672 quandam
450 3585 509 3650 sibi
539 3588 758 3649 contraxerint.
805 3582 869 3649 Sed
898 3583 971 3645 huic
992 3584 1039 3644 rei
1061 3580 1144 3643 idem
1167 3579 1246 3644 illud
1268 3601 1318 3643 re·

265 3690 413 3778 fragatur,
437 3688 524 3775 qued
547 3710 641 3773 supra
665 3690 805 3773 exposui,
827 3686 998 3771 „praebere
1016 3689 1125 3770 caput‘
1138 3704 1203 3748 uon
1219 3705 1315 3768 posse

266 3793 328 3858 diei
351 3796 412 3857 nisi
436 3815 521 3870 eum,
550 3795 603 3877 qui
626 3813 716 3855 suum
740 3800 834 3875 eaput
856 3789 963 3852 hastae
990 3786 1158 3873 subponat
1204 3785 1314 3847 Paucis

266 3900 326 3961 iarn
348 3896 521 3962 Heinriehii
544 3898 727 3979 opinionem
752 3891 920 3955 absolvere
942 3912 1079 3976 possum,
1102 3891 1315 3974 quippequac

268 4003 456 4065 coniecturis
471 4001 588 4061 nitatur
603 3999 728 4060 minime
744 3998 938 4074 necessariis,
962 4017 1056 4080 quum
1075 3991 1218 4055 codicum
1241 3990 1316 4054 scri-

266 4112 359 4189 ptura
382 4104 532 4187 optimam
554 4098 708 4185 praebeat
729 4101 930 4174 sententiam
955 4101 1090 4183 primum
1114 4097 1196 4161 enim
1217 4097 1316 4174 „aut“
