2980 4700
287 315 337 392 to

288 523 400 570 omnes
421 504 525 568 statim
547 512 671 590 turpem
694 507 802 570 uxoris
817 504 1079 574 consuetudinem
1094 517 1245 596 tuamque
1263 533 1347 578 com·

286 610 413 694 perient
432 610 648 695 ignominiam.
694 610 738 675 Et
758 632 848 690 sane,
871 610 948 697 quid
970 611 1079 676 melius
1102 634 1173 677 curn
1196 620 1346 699 superio-

206 752 210 763 ·
285 711 374 778 ribus
398 711 579 791 cohaereat,
608 715 735 791 nescio;
764 725 959 804 quapropter
981 715 1209 802 quaerendum,
1238 728 1345 784 utrum

286 817 320 880 in
341 814 449 880 verbis
470 815 550 880 haec
571 819 727 882 sententia
749 821 856 884 inesse
877 823 988 906 possit,
1013 841 1125 884 necne.
1170 821 1343 905 Rupertius

287 927 392 984 autem
413 917 575 984 hocloco
589 923 678 983 vocis
699 926 896 987 committere
918 922 1108 988 sollemnem
1130 925 1343 1010 componendi

287 1032 320 1088 ct
342 1021 547 1110 comparandi
568 1021 835 1110 significationem
857 1028 973 1090 statuit.
1009 1027 1091 1089 Esse
1114 1029 1198 1092 enim
1212 1029 1343 1094 verbum

285 1127 408 1208 theatri,
430 1147 554 1205 arenae,
576 1128 753 1191 certaminis
776 1126 920 1210 publicis,
942 1130 1075 1192 maxime
1098 1127 1139 1193 de
1160 1129 1346 1218 gladiatori-

284 1231 346 1297 bus
367 1240 562 1318 usurpatum,
584 1251 719 1316 quorum
742 1231 832 1314 paria
854 1230 1141 1316 componebantur,
1161 1243 1197 1298 ut
1211 1237 1295 1300 inter
1309 1257 1345 1300 se

284 1344 475 1425 pugnarent,
498 1333 587 1422 quod
611 1333 761 1422 exemplis
784 1333 988 1414 demonstrat,
1010 1345 1067 1398 sat.
1082 1336 1106 1398 l.
1125 1359 1154 1399 v.
1174 1321 1247 1402 162.
1268 1339 1344 1418 „Se-

283 1461 401 1520 „eurus
423 1439 499 1503 licet
520 1439 661 1503 Aeneam
684 1436 902 1524 Rutulumque
923 1439 1063 1504 ferocem
1086 1436 1282 1518 Comittas,“
1308 1450 1344 1504 et

284 1542 376 1607 huius
398 1544 498 1626 ipsius
521 1543 666 1605 carminis
688 1564 719 1605 v.
737 1543 812 1605 436.
841 1541 988 1621 „Laudat
1009 1538 1193 1627 Virgilium,
1221 1546 1342 1628 peritu-

282 1665 361 1725 ‚,rae
382 1647 522 1732 ignoscit
544 1643 681 1723 Elissae,
705 1643 885 1712 Committit
904 1655 993 1709 vates
1016 1653 1049 1708 et
1071 1649 1255 1730 comparat“
1277 1645 1339 1728 (cf.

283 1748 370 1814 Suet.
395 1745 499 1836 Calig.
523 1749 576 1813 56.
598 1749 696 1834 Prop.
719 1750 759 1813 ll.
781 1751 811 1828 3,
833 1751 916 1829 21).
961 1748 1056 1812 Putat
1076 1749 1188 1834 igitur,
1213 1758 1343 1813 senten-

282 1855 358 1918 tiam
372 1853 456 1917 hanc
470 1871 554 1916 csse:
576 1875 654 1917 cave
668 1855 807 1939 patiaris,
821 1853 986 1918 Bromium
1001 1871 1072 1915 cum
1088 1851 1235 1915 eunucho
1252 1854 1344 1937 quasi

283 1955 480 2018 descendere
507 1960 542 2018 in
569 1967 685 2018 certam
714 1958 817 2038 stupri
845 1960 937 2020 uxori
962 1965 1038 2019 tuae
1061 1953 1231 2019 inferendi.
1276 1953 1342 2020 sed

283 2059 424 2134 omnino,
446 2067 483 2119 ut
503 2056 721 2119 committendi
739 2056 872 2120 verbum
895 2056 1056 2121 hocloco
1080 2061 1124 2121 ita
1147 2057 1210 2121 dici
1231 2059 1341 2143 possit,

282 2159 371 2248 qnod
392 2158 468 2224 milri
489 2157 616 2244 quidem
638 2178 705 2223 non
728 2157 867 2238 videtu,
896 2168 1003 2225 tamen
1032 2162 1137 2226 omnis
1164 2162 1342 2249 certaminis

283 2263 414 2330 alicuius
438 2265 696 2328 commemoratio
721 2261 761 2326 sb
783 2259 945 2328 hocloco
969 2262 1159 2330 alienissima
1183 2274 1254 2342 esta
1267 2285 1339 2330 nam

282 2378 355 2435 nter
371 2389 482 2434 seruus
497 2370 532 2432 in
550 2367 724 2453 stupranda
742 2364 873 2432 domina
889 2367 980 2432 alteri
1001 2368 1135 2454 palmam
1159 2370 1340 2454 praeripiat,

284 2475 414 2537 omnino
438 2491 506 2536 non
529 2470 569 2534 ad
591 2492 659 2535 rem
680 2473 828 2557 pertinet.

371 2573 477 2640 Multo
492 2577 595 2639 minus
612 2578 738 2639 etiams
761 2573 874 2637 ceteris
897 2570 1080 2636 adiuvamur
1101 2573 1339 2655 interpretibus,

283 2701 418 2768 quorum
440 2682 580 2746 omnium
595 2676 738 2765 Scaliger
750 2677 783 2756 ¹)
797 2676 928 2738 maxime
951 2667 1064 2740 atero
1084 2673 1249 2752 aberravit,
1274 2678 1338 2760 qui,

282 2783 545 2870 quemadmodum
569 2780 716 2848 Catullus
738 2782 853 2862 „asino
882 2777 1009 2843 tradere
1037 2777 1143 2842 dieat“
1166 2797 1228 2862 pro
1257 2780 1341 2856 „asi-

275 2891 372 2966 .„num
388 2886 510 2952 lacere“
524 2884 577 2947 vel
592 2888 700 2961 „asino
715 2884 816 2950 tradi“
830 2903 892 2969 pro
907 2880 1038 2959 „subiici
1060 2885 1093 2946 in
1114 2881 1220 2944 locum
1243 2884 1341 2946 asini“

282 2992 329 3055 sic
349 2990 413 3054 hoc
433 2987 508 3053 loco
532 2987 715 3054 luvenalem
736 2988 958 3066 „committere
979 2985 1125 3048 eunucho
1135 2989 1151 3016 ‘⁶
1173 2985 1339 3067 scripsisse

281 3104 374 3182 putat
394 3113 455 3180 pro
478 3093 675 3173 „eunuchum
696 3091 816 3169 facere,
839 3093 992 3152 castrare“
1015 3109 1053 3152 ea
1076 3086 1246 3152 sententia:
1269 3084 1339 3151 noli

159 3261 166 3268 ,
282 3205 418 3262 castrare
441 3199 619 3287 catamitum
643 3199 706 3259 iam
732 3192 952 3282 grandiorem,
980 3214 1022 3258 ne
1043 3193 1128 3256 forte
1151 3191 1243 3255 uxori
1264 3199 1339 3254 tuac

281 3304 351 3364 usui
375 3303 423 3362 sit.
468 3300 534 3364 lam
557 3321 652 3384 quum
675 3301 718 3362 ita
740 3319 792 3362 res
816 3320 851 3362 se
874 3296 1003 3375 habeat,
1031 3305 1069 3361 ut
1091 3305 1270 3360 ceterorum
1292 3297 1340 3357 in·

281 3409 454 3485 terpreturn
485 3404 657 3485 opiniones
687 3403 826 3484 ineptas,
861 3403 1009 3484 Rupertii
1041 3421 1103 3463 nee
1134 3421 1205 3464 cum
1232 3397 1339 3462 verbis

281 3524 342 3569 neo
364 3525 434 3567 cum
457 3505 615 3566 sententia
637 3504 712 3565 satis
736 3512 964 3591 congruentem
995 3506 1253 3589 cognoverimus,
1283 3521 1339 3563 ne-

281 3627 345 3692 que
366 3608 428 3672 alia
449 3607 587 3672 inveniri
607 3625 706 3691 posse
720 3605 866 3670 videatur
883 3603 1062 3689 explicandi
1076 3609 1169 3683 ratio,
1192 3623 1338 3688 compro-

280 3709 373 3775 batur
388 3713 537 3796 suspicio,
559 3729 649 3794 quae,
672 3711 820 3794 quotiens
842 3710 876 3770 in
897 3709 983 3772 hunc
1004 3709 1110 3774 locum
1133 3706 1240 3784 incidi,
1262 3705 1338 3768 mihi

282 3823 353 3878 orta
376 3823 437 3894 est,
465 3816 567 3879 veteri
589 3810 772 3898 cormptela
793 3811 971 3876 orationem
993 3810 1140 3898 impediri
1161 3816 1257 3892 atque
1279 3805 1338 3870 ob·

282 4011 481 4028 K...-

351 4142 388 4214 1)
408 4141 454 4202 cf.
472 4143 506 4200 ad
523 4140 584 4199 cat.
602 4141 647 4210 97,
665 4143 708 4198 lo.
725 4155 784 4216 pag.
804 4139 864 4194 114.
900 4137 944 4198 cf.
961 4139 1043 4199 Voss.
1061 4137 1096 4197 'ad
1114 4137 1174 4199 Cat.
1193 4159 1220 4218 p.
1239 4141 1300 4198 826.
