2980 4700
1168 337 1216 408 69

153 525 288 600 „tonius
310 524 415 588 refert.
453 520 589 608 Propt'er
611 522 699 608 quod
722 520 881 584 luvenalis
903 521 962 586 sub
985 521 1092 606 specie
1115 519 1216 586 hono·

154 629 224 704 „ris
252 625 411 714 relegatus
435 624 547 690 estad
571 625 712 687 cohortis
735 645 840 686 curam
866 626 899 686 in
923 627 1076 709 Aegypto
1098 624 1215 704 Hoaea,

154 728 235 806 „ubi
262 739 406 792 mortuus
437 733 517 790 est.“
562 729 665 788 Huius
693 734 797 788 autem
827 728 911 788 vitae
937 727 1087 808 scriptori
1115 731 1213 815 magis

153 830 346 916 placuerunt
366 839 423 892 sat.
437 830 508 892 Vll.
525 851 575 890 vv
593 829 636 892 89
659 838 691 890 et
714 849 781 914 sqq.
812 825 928 912 „Quod
951 847 1019 890 non
1042 824 1119 890 dant
1140 853 1214 913 pro-

155 955 270 1012 „ceres
293 942 352 995 e
354 930 480 1016 “Quo
504 932 598 1008 lacto,
622 947 731 1016 quum
739 933 786 996 his
810 931 951 996 versibus
971 926 1125 1007 Paridem,
1147 933 1212 996 Ne

156 1038 246 1100 renis
261 1038 487 1119 pantomimum
503 1038 676 1122 perstringi
686 1035 818 1115 videret,
833 1034 903 1100 fieri
917 1043 1023 1100 autem
1038 1053 1105 1096 non
1118 1052 1214 1118 posse

157 1137 374 1224 intellegeret,
402 1147 439 1198 ut
466 1140 640 1220 aNeroue
660 1141 695 1200 in
718 1139 842 1202 exilium
866 1143 978 1204 missus
1000 1147 1087 1204 esset
1108 1147 1214 1224 poeta,

158 1244 213 1323 qui
235 1249 349 1324 postea
371 1241 494 1302 Romae
516 1249 710 1318 versaretur,
731 1243 765 1302 in
788 1239 887 1302 dubio
910 1241 1109 1324 relinquens,
1132 1245 1215 1325 quis-

159 1363 231 1404 nam
254 1345 427 1425 imperator
447 1341 511 1406 illis
534 1343 696 1407 versiculis
720 1343 864 1407 offensus
888 1345 937 1420 sit,
959 1363 1112 1426 perquam
1134 1347 1212 1410 scite

158 1467 273 1509 novam
295 1445 388 1508 finxit
408 1445 613 1527 historiolam,
637 1471 717 1532 quae
740 1446 921 1511 mederetur
942 1447 1016 1510 huic
1037 1455 1213 1530 temporum

158 1547 397 1633 discrepantiae.
436 1551 553 1614 Narrat
575 1553 672 1638 igitur
693 1561 758 1616 tres
779 1549 855 1614 illos
877 1572 996 1628 uersus,
1020 1552 1053 1614 iu
1067 1548 1214 1614 Paridem

156 1656 383 1738 pantomimum
398 1663 590 1740 poetamque
606 1653 735 1720 Claudii
749 1657 898 1732 Neronis,
922 1657 990 1720 eius
1006 1675 1083 1718 sem
1093 1657 1214 1718 estri-

156 1756 230 1820 bus
244 1756 397 1821 militiolis
412 1768 584 1822 tumentem
598 1757 625 1836 ¹)
641 1762 844 1844 compositos,
867 1762 986 1844 primos
1003 1758 1108 1836 luisse,
1132 1779 1213 1842 quos

157 1863 291 1925 omuino
316 1859 444 1924 lecisset
469 1859 637 1923 luvenalis.
684 1860 763 1939 Sed,
793 1883 889 1945 quum
912 1882 1007 1926 ausus
1030 1880 1098 1923 uon
1121 1870 1213 1938 esset,

155 1984 287 2048 parvam
310 1962 397 2047 ¹hane
425 1965 519 2028 trium
541 1983 688 2028 versuum
717 1967 842 2029 satiram
871 1985 913 2028 ne
935 1962 1064 2028 modico
1087 1961 1213 2047 quidem

135 2127 137 2144 ,
155 2065 315 2131 auditorio
332 2069 537 2145 committere,
560 2089 631 2131 eum
647 2065 701 2131 diu
724 2068 804 2134 nihil
819 2067 860 2132 de
882 2070 942 2132 hac
962 2089 997 2132 re
1019 2069 1052 2131 in
1075 2066 1212 2131 medium

155 2169 336 2254 protulisse,
357 2169 489 2248 „donec
510 2190 628 2255 magno
650 2193 798 2236 successu
818 2172 868 2234 bis
891 2181 998 2234 aeter
1020 2169 1154 2246 auditus,
1175 2189 1213 2234 ea

158 2291 325 2358 ‚,quoque,
339 2267 433 2356 ‘quae
457 2274 556 2358 prima
579 2271 707 2334 fecisset
732 2283 844 2336 contra
867 2269 1027 2350 Paridem,
1051 2271 1213 2338 inferciret
1237 2291 1242 2298 '

158 2378 273 2454 „novis
297 2377 430 2461 scriptis.
438 2381 454 2409 ‘⁴
500 2376 612 2440 Fuisse
634 2383 739 2440 autem
762 2397 802 2440 eo
825 2378 1000 2461 tempore
991 2397 1025 2440 ιιι
1049 2375 1211 2444 deliciis

157 2477 249 2544 aulae
272 2480 480 2546 historionem
503 2477 661 2564 quendam
683 2479 863 2567 multosque
887 2483 954 2546 eius
977 2479 1118 2546 lautores
1134 2503 1212 2568 quo-

153 2582 234 2648 tidie
256 2605 326 2648 esse
348 2595 527 2670 provectos,
551 2595 745 2673 quapropter
758 2589 884 2650 venisse
901 2585 1114 2653 Iuvenalem
1106 2607 1139 2648 m
1161 2605 1212 2649 su-

157 2691 345 2773 spicionem,
375 2692 488 2772 „quasi
511 2698 655 2771 tempora
678 2691 856 2772 figurate
884 2697 1069 2749 notasset
1091 2707 1129 2748 ao
1151 2695 1212 2748 sta·

158 2794 236 2868 „tim
260 2813 332 2875 per
354 2792 542 2852 honorem
565 2787 694 2849 militiae
717 2787 796 2850 urbe
818 2795 1008 2849 summotum
1022 2789 1212 2872 missumque

157 2890 221 2972 „ad
244 2891 542 2977 praefecturam
565 2889 704 2954 cohortis
725 2892 760 2954 in
784 2900 919 2956 extrema
941 2899 1029 2977 parte
1053 2889 1212 2956 tendentis

158 3047 174 3075 „
183 2997 331 3082 Aegypti.
340 3001 357 3030 “
406 2996 606 3082 Ineptissime
634 3004 699 3059 tum
730 2994 847 3060 desinit
874 2994 1122 3059 narratiuncula:
1156 2993 1212 3072 „id

159 3097 330 3180 „supplicii
359 3118 461 3178 genus
489 3099 622 3180 placuit,
652 3106 687 3157 ut
715 3094 780 3158 levi
810 3105 905 3178 atque
932 3095 1068 3158 ioculuri
1093 3094 1212 3162 delicto

159 3215 240 3280 „par
263 3200 380 3257 esset.“
424 3195 502 3273 lam,
532 3199 558 3258 si
582 3195 657 3278 quid
679 3195 802 3275 iudico,
832 3198 986 3282 originem
1009 3198 1106 3258 mirae
1127 3195 1212 3262 illius

160 3309 194 3362 et
214 3319 273 3384 per
295 3318 329 3360 se
352 3318 462 3383 parum
484 3297 658 3385 probabilis
682 3296 808 3362 fabulae
824 3300 1042 3385 cognovimus.
1076 3296 1213 3366 Ceterae

159 3411 264 3468 autem
285 3405 370 3481 vitae
394 3423 431 3465 ex
453 3402 514 3466 hac
536 3410 625 3467 ortae
649 3400 783 3470 eandem
805 3423 873 3467 rem
893 3401 1005 3468 iisdem
1028 3423 1124 3490 saepe
1145 3426 1214 3469 ver-

231 3617 265 3685 l)
287 3615 437 3694 Deeumpta
460 3617 527 3672 lraec
550 3625 618 3700 sunt¹
634 3638 650 3674 e
666 3617 758 3674 verbis
777 3615 909 3674 luvenalis
929 3615 989 3674 Vll.
1005 3618 1048 3672 88.
1067 3631 1122 3672 non
1139 3623 1213 3670 recte

158 3700 305 3760 intellectis

355 3787 517 3846 Semestri
536 3799 623 3846 vatum
642 3790 741 3866 digitos
760 3786 926 3864 circumligat
944 3808 1017 3847 auro.

159 3878 293 3952 itemque
318 3874 391 3952 quod
413 3887 493 3952 poeta
516 3877 668 3934 nominatur
685 3876 762 3933 Paris
785 3896 819 3933 ox
841 3875 892 3932 hac
909 3873 1044 3932 luvenalis
1062 3869 1212 3928 satiraVIl.

161 3963 320 4018 translatum
339 3982 398 4018 esse
417 3962 509 4030 debet,
529 3983 582 4038 quo
601 3975 689 4021 tamen
708 3983 799 4021 errore
817 3965 917 4020 nescio.
949 3958 1130 4019 Memorabilis
1142 3969 1215 4016 certe

160 4045 305 4104 multorum
323 4047 401 4104 codd
421 4051 579 4127 scriptura,
581 4071 647 4128 ,poe
648 4049 803 4130 t.amqueP
823 4049 975 4119 Statium,“
993 4051 1039 4126 qui
1056 4045 1136 4176 paulo
1154 4057 1215 4102 aute

164 4152 190 4188 v
210 4135 251 4190 83.
272 4143 329 4189 erat
346 4145 573 4192 commemoratus.
