2980 4700
1169 311 1214 381 37

231 475 298 556 '‘Sic
313 490 535 579 distinguenda
554 503 627 557 sunt
649 499 766 580 priora,
789 517 885 581 quum
899 495 1000 582 volgo
1025 497 1117 559 etiam
1140 504 1216 580 post

157 600 328 680 „papyro“
343 597 603 682 interrogationis
619 601 714 684 signo
729 601 1019 685 interpungerctur,
1042 595 1129 680 quod
1143 595 1215 662 fieri
1320 631 1337 652 .

155 719 222 763 non
243 707 359 783 potest,
389 701 449 760 nisi
473 719 543 762 cum
567 698 703 778 Orellio,
727 703 781 784 qui
802 703 837 763 in
860 701 918 764 ecl.
941 709 1028 783 poet.
1052 700 1121 764 Lat.
1148 699 1213 764 edi-

155 799 200 864 dit
222 800 305 865 hanc
327 801 461 876 satiram,
487 807 520 861 et
542 820 611 862 cum
627 802 779 867 Webero
802 807 844 866 ita
868 804 1053 887 coniungas,
1075 803 1160 877 „hoc
1177 814 1213 868 tu

152 941 218 982 „-
244 902 394 985 Crispina
416 940 460 950 -
482 901 545 965 hoc
566 907 701 988 pretium
724 927 873 991 squamae
895 907 1033 991 ponis?“
1064 902 1129 966 Sed
1150 925 1214 968 me-

152 1005 214 1070 lius
239 1014 446 1090 opponuntur
468 1007 552 1068 inter
574 1027 608 1070 se
630 1012 813 1073 notissimus
842 1008 899 1073 ille
927 1006 1048 1072 nebulo
1071 1008 1211 1092 Apicius,

153 1111 243 1172 cuius
265 1127 384 1172 nomen
406 1111 440 1170 in
457 1108 667 1190 'proverbium
689 1115 752 1175 iam
773 1113 863 1192 abiit,
891 1123 924 1177 et
945 1110 1128 1188 libertinuS,
1157 1131 1212 1195 pa-

152 1215 213 1274 tria
229 1208 390 1293 quondam
406 1211 583 1273 succinctus
598 1233 733 1294 papyro,
756 1216 783 1276 si
798 1214 840 1276 ad
855 1213 953 1276 verba
974 1215 1055 1290 „boc
1074 1223 1109 1277 tu
1131 1218 1210 1278 etc.“

155 1333 193 1376 ex
214 1309 478 1396 praecedentibus
500 1310 613 1390 „lacis“
628 1312 680 1376 vel
703 1313 849 1393 „lecisti“,
874 1325 905 1378 et
927 1314 967 1377 ad
989 1315 1118 1377 alteram
1141 1336 1212 1398 par-

151 1423 214 1478 tem
242 1413 330 1490 „hoc
357 1417 492 1499 pretium
520 1423 692 1499 squamae“
716 1417 863 1502 copulam
892 1423 989 1496 „est“
1015 1415 1208 1502 supplemus,

151 1528 186 1583 ut
207 1517 292 1582 bene
314 1515 432 1581 iudicat
453 1519 668 1598 Heinrichius,
697 1519 871 1586 dummodo
894 1541 949 1596 nc,
976 1519 1084 1584 deleto
1114 1522 1211 1584 inter-

150 1624 329 1710 rogationis
345 1624 445 1708 signo
467 1631 542 1707 post
562 1628 754 1708 ‚,squamae“,
780 1628 933 1694 orationis
957 1623 1212 1688 alacritatemac

149 1731 294 1814 vigorem
324 1724 528 1790 diminuisset.
575 1726 685 1810 ltaque
714 1731 972 1814 interpunctione
999 1750 1095 1812 supra
1119 1751 1137 1792 a
1160 1749 1211 1791 me

150 1829 287 1893 exhibita
310 1829 559 1913 simplicissimus
578 1840 609 1892 et
627 1833 765 1912 optimus
784 1835 886 1894 oritur
907 1832 1135 1894 sententiarmn
1156 1849 1211 1891 ne-

148 1954 215 1996 xus.
250 1930 316 1996 Sed
339 1933 418 1996 haec
440 1932 555 1994 obiter.
588 1931 816 2017 Disputaturus
832 1953 916 1996 eram
933 1930 974 1995 de
989 1954 1010 1993 v
1025 1933 1078 1994 2&
1100 1941 1134 1995 et
1148 1932 1211 2009 27,

149 2039 202 2121 qui
224 2038 377 2099 maiorem
400 2034 556 2120 praebent
579 2034 812 2114 difficultatem,
843 2059 933 2121 quam
963 2037 1067 2121 primo
1097 2033 1210 2098 obtutu

150 2137 310 2214 crederes3
338 2137 457 2201 nullam
480 2138 665 2221 praebuisse
688 2140 837 2203 videntur
861 2139 1058 2214 Heinrichio,
1081 2137 1208 2200 silentio

151 2243 257 2304 omnia
278 2241 550 2322 praetermittenti.
597 2239 678 2322 Quis
704 2243 786 2302 enim
809 2259 877 2302 non
900 2237 1001 2312 videt,
1024 2240 1051 2298 si
1075 2236 1211 2321 explica-

152 2363 220 2405 mus
250 2361 321 2403 cum
344 2338 471 2404 Orellio
501 2347 616 2417 „tanto
645 2343 749 2425 pretio
780 2342 945 2426 provincia
974 2359 1069 2426 agros
1091 2337 1209 2416 vendit,

152 2442 231 2524 ,sed
247 2441 372 2528 Apulia,
396 2452 508 2528 utpote
525 2441 658 2522 deserta,
680 2446 815 2509 maiores
840 2447 932 2508 etiam
953 2465 1044 2528 quam
1067 2441 1209 2529 reliquae

150 2549 361 2634 „provinciae
379 2547 529 2611 cultiores
550 2567 590 2610 eo
614 2550 719 2632 pretio
744 2571 838 2636 agros
861 2547 947 2612 solet
962 2546 1129 2626 vendere,“
1144 2569 1209 2611 om-

150 2655 201 2715 nia
217 2651 272 2715 illa
289 2651 329 2715 de
345 2650 462 2736 Apulia
472 2649 586 2720 ,addita
601 2655 644 2714 ita
660 2637 822 2738 languere,
845 2661 881 2714 ut
899 2649 990 2714 nullo
1013 2660 1109 2731 pacto
1133 2650 1209 2711 ferri

149 2758 291 2840 possint?
328 2752 427 2836 Quod
451 2774 546 2834 quum
569 2755 701 2838 sentiret
722 2753 910 2825 Henninius,
933 2753 1116 2812 coniectura
1139 2769 1209 2813 sen-

150 2859 270 2922 tentiae
285 2875 468 2919 succurrere
484 2861 624 2930 conatus,
647 2874 714 2917 non
737 2851 819 2916 male
838 2850 963 2942 quidem
986 2861 1042 2930 „et
1057 2854 1209 2918 maiores“

151 2959 352 3025 scribendum
377 2958 560 3036 arbitratur,
584 2956 670 3042 quod
695 2957 843 3042 explicat:
872 2979 926 3020 sex
948 2956 1072 3020 milibus
1095 2967 1208 3020 sester-

152 3068 229 3128 tium
259 3074 344 3127 extra
373 3062 494 3126 ltaliam
522 3066 557 3123 in
583 3061 757 3141 provinciis
781 3079 856 3142 ager
881 3061 941 3118 emi
964 3061 1084 3140 potuit,
1111 3061 1206 3120 immo

154 3167 288 3228 maiores
317 3164 411 3223 etiam
441 3165 508 3244 agri
538 3163 571 3221 in
600 3161 668 3240 ipsa
691 3156 795 3232 ltalia,
824 3160 856 3217 in
879 3157 1021 3234 fertilil)
1045 3157 1099 3217 illa
1123 3157 1207 3238 Apu-

153 3311 353 3330 μή

226 3413 259 3482 1)
283 3409 345 3466 Non
369 3409 402 3466 de
424 3410 506 3468 fertili
527 3410 573 3467 illa
591 3407 690 3488 Apulia
709 3429 769 3466 esse
788 3401 957 3485 cogitandum
974 3412 1026 3466 iam
1043 3407 1107 3465 Hor.
1128 3409 1205 3486 epod.

154 3503 180 3568 3,
201 3501 241 3554 16.
261 3497 342 3554 docet
359 3497 534 3567 „siticulosae
552 3495 685 3575 Apuliae“
705 3505 740 3564 et,
760 3517 837 3573 quem
855 3496 925 3574 Rup.
944 3499 996 3554 iam
1014 3495 1141 3562 laudavit,
1160 3493 1207 3549 Se-

154 3605 212 3642 nec.
232 3606 292 3662 epp.
311 3587 353 3640 87.
374 3587 452 3660 „agri
471 3583 617 3640 suburbani
639 3592 742 3639 tantum
762 3582 899 3661 possidet,
923 3591 1051 3658 quantum
1072 3577 1207 3635 invidiose

153 3675 206 3741 „in
229 3670 345 3728 desertis
366 3670 480 3748 Apuliae
503 3669 686 3746 possideret.“
730 3669 804 3744 Quid
826 3689 892 3727 vcro
915 3668 1001 3725 dicam
1023 3664 1057 3721 de
1079 3685 1206 3740 perversa

154 3758 200 3815 illa
219 3756 372 3836 explicandi
389 3759 505 3824 ratione,
528 3777 579 3831 qua
596 3765 674 3832 putat
691 3753 855 3824 Herminius,
879 3762 1008 3831 „poetam
1026 3751 1114 3807 obiter
1130 3750 1205 3807 velli-

155 3865 238 3913 „eare
250 3844 395 3923 superbum
409 3841 477 3898 illud
490 3841 664 3897 delicatorum
682 3852 811 3920 nepotum
828 3841 909 3916 patrii
927 3838 980 3893 soli
997 3836 1142 3904 fastidium,
1160 3838 1205 3912 qui

155 3950 229 3996 „uon
242 3932 403 4000 dubitarent,
422 3930 508 4008 pluris
525 3947 613 3984 emere
630 3947 707 4001 agros
726 3930 754 3982 iu
771 3925 929 4001 provinciis,
948 3943 1026 3998 quam
1045 3933 1074 3980 ut
1091 3923 1205 3979 nidores

155 4013 375 4092 „fertilioresque
394 4016 487 4073 eodem
506 4017 594 4092 pretio
613 4016 642 4070 in
659 4015 718 4090 ipsa
735 4010 811 4068 ltalia
828 4012 856 4066 in
874 4009 957 4070 fertili
973 4008 1020 4064 illa
1036 4007 1134 4086 Apulia
1152 4010 1206 4066 sibi

158 4102 392 4176 ‚,eompararent.“
411 4101 466 4158 Sed
479 4102 596 4159 nondum
609 4102 675 4157 satis
687 4099 857 4173 ineptiarum:
872 4108 999 4172 „tangere
1009 4105 1115 4175 poetam
1127 4096 1206 4152 etiam
