2980 4700
1176 329 1225 402 61

167 515 315 600 adeoque
337 515 405 580 aliis
428 539 555 603 quoque
579 516 619 581 de
643 517 746 579 causis
769 518 800 577 in
823 518 1036 600 suspicionem
1052 518 1169 594 vocari,
1192 526 1226 580 ut

169 617 248 683 nihil
262 623 362 704 possit
378 620 522 697 dubitari,
546 621 622 703 quin
645 620 754 703 spuria
777 619 818 680 sit
842 626 873 680 et
896 616 1072 695 subditicia,
1095 618 1226 684 demon-

169 731 322 786 straturus
349 744 426 786 sum.

255 827 303 888 Ut
319 825 358 888 ab
376 825 519 899 externis,
544 843 625 906 quae
645 821 707 886 dici
726 821 839 901 solent,
863 824 1056 909 argumentis
1070 826 1225 908 incipiam,

169 950 237 992 non
265 927 407 1010 quidem,
437 947 517 1010 quae
540 947 599 1012 per
621 947 656 990 se
678 929 739 990 iam
762 927 838 990 satis
861 927 971 1012 gravia
994 925 1057 988 sint
1079 924 1119 990 ad
1142 925 1226 990 dam-

170 1029 311 1094 nandum
327 1027 406 1093 illud
422 1050 556 1108 carmen,
580 1037 750 1115 suppetere
766 1029 861 1094 nobis
878 1029 1045 1108 confiteor,
1064 1029 1129 1107 sed,
1145 1051 1226 1114 quae

171 1141 352 1218 suspectum
373 1131 484 1194 saltem
505 1131 641 1196 reddere
660 1136 793 1216 possint,
815 1155 883 1198 non
903 1136 1035 1198 omnino
1052 1133 1169 1198 desunt
1182 1144 1226 1196 ta-

173 1237 215 1296 lia
245 1244 373 1298 externa
404 1235 496 1296 etiam
525 1243 708 1319 argumenta
731 1244 824 1317 atque
846 1235 973 1299 indicia.
1018 1235 1118 1318 Quod
1142 1241 1226 1302 enim

175 1346 285 1400 contra
309 1336 447 1400 ultimam
470 1341 595 1402 satiram
618 1357 749 1400 monere
771 1333 898 1400 videtur
914 1337 1123 1414 Achaintrius,
1146 1339 1224 1418 (vol.

172 1439 195 1501 l.
213 1462 244 1522 p.
260 1441 349 1518 558.)
366 1461 433 1502 eam
450 1444 484 1504 in
503 1442 726 1528 antiquissimis
750 1439 936 1524 quibusdam
954 1439 1118 1506 codicibus
1136 1462 1227 1526 prae·

169 1545 249 1628 poni
275 1545 402 1629 quintae
430 1543 585 1623 decimae,
614 1565 706 1630 quam
729 1547 1009 1630 transpositionem
1032 1542 1225 1610 Calderinus

169 1667 298 1732 quoque
320 1646 554 1726 animadvertit,
582 1650 683 1735 magis
711 1657 822 1712 contra
849 1651 949 1735 ipsam
976 1649 1057 1712 hanc
1085 1651 1224 1734 quintam

169 1749 320 1814 decimam
350 1761 486 1838 pugnat,
519 1774 611 1838 quam
641 1763 752 1817 contra
781 1751 930 1816 ultimam.
988 1751 1065 1835 Quo
1094 1751 1224 1827 accedit,

169 1851 256 1936 quod
276 1855 310 1915 in
328 1852 399 1915 cod.
417 1853 546 1916 membr.
562 1853 756 1930 Mazarineo,
779 1853 879 1916 seculi
892 1857 941 1931 X,
962 1856 990 1916 si
1005 1852 1135 1916 credere
1151 1843 1225 1938 pos-

167 1977 273 2020 sumus
297 1955 499 2032 Achaintrio‚
521 1964 654 2040 utraque
677 1957 771 2019 satira
796 1957 927 2019 omnino
952 1953 1051 2018 deest.

254 2059 413 2124 Omnibus
436 2069 541 2123 autem
562 2059 609 2121 his
634 2062 769 2124 externis
792 2059 926 2140 indiciis,
949 2081 1045 2147 quum
1062 2057 1146 2136 levia
1162 2062 1226 2126 sint

168 2173 200 2226 et
220 2167 311 2248 parvi
332 2166 494 2240 momenti,
517 2165 589 2246 quia
612 2165 820 2247 perantiquis
845 2174 882 2227 ut
902 2173 1017 2247 postea
1038 2162 1224 2242 videbimus,

168 2266 363 2349 temporibus
400 2268 461 2326 iam
497 2264 556 2327 sub
584 2262 750 2325 Juvenalis
782 2267 913 2327 nomine
946 2262 1226 2330 circumferebatur

169 2377 337 2452 utrumque
359 2386 492 2444 carmen,
515 2364 609 2429 facile
633 2387 741 2430 carere
763 2387 940 2453 possumus,
963 2369 990 2431 si
1012 2375 1111 2432 totam
1132 2369 1224 2434 buius

170 2473 284 2534 satirae
313 2469 455 2535 indolem
484 2479 662 2556 spectamus
689 2480 858 2559 tantopere
885 2472 1040 2561 diversam
1067 2495 1085 2537 a
1111 2478 1224 2540 ceteris

167 2586 292 2660 tamque
315 2575 377 2639 illis
399 2574 569 2664 indignam,
582 2645 584 2650 ,
599 2587 635 2640 ut
657 2575 746 2640 nullo
769 2577 869 2642 modo
894 2576 1037 2654 eundem,
1061 2597 1154 2660 quem
1175 2600 1224 2642 re-

166 2676 286 2765 liquae,
315 2672 437 2744 babere
455 2684 558 2765 possit
579 2690 751 2744 auctorem.

255 2783 484 2866 Argumentum
501 2784 583 2844 enim
605 2783 638 2843 in
653 2799 693 2840 eo
709 2789 861 2854 versatur,
885 2787 920 2841 ut
937 2781 1138 2842 saevissimae
1156 2802 1224 2847 cru-

101 2906 115 2920 *
169 2883 306 2948 delitatis
331 2881 505 2967 exemplum
527 2882 567 2946 ab
582 2881 726 2970 Aegypti
744 2879 867 2969 oppido
884 2881 1036 2968 Tentyris
1052 2893 1164 2950 contra
1178 2886 1223 2952 vi-

168 2990 269 3051 cinam
285 2987 484 3052 Ombitarum
505 2997 632 3076 gentem
655 2997 871 3072 perpetratum
895 2981 1048 3053 narretur.
1083 2989 1222 3055 Ombitis

168 3092 265 3173 igitur
287 3090 401 3152 festum
424 3091 582 3171 quendam
606 3090 689 3150 diem
711 3089 803 3150 hilari
825 3107 926 3150 coena
949 3098 1045 3171 atque
1061 3101 1223 3171 compota-

169 3191 258 3249 tione
282 3187 523 3262 celebrantibus,
547 3189 749 3269 Tentyritae,
778 3187 890 3270 quibus
915 3189 1043 3270 antiqua
1066 3209 1136 3251 cum
1159 3191 1222 3256 illis

170 3288 310 3354 simultas
334 3297 409 3366 erat,
432 3287 519 3374 quod
541 3309 609 3351 non
633 3286 769 3366 eosdem,
793 3307 873 3372 quos
896 3290 966 3372 ipsi,
997 3287 1152 3356 colendos
1175 3316 1222 3357 ar-

169 3392 360 3457 bitrarentur
377 3391 464 3470 deos,
488 3401 699 3482 opportunam
718 3391 794 3457 odio
812 3390 1001 3480 indulgendi
1019 3399 1220 3464 occasionem

167 3499 235 3574 rati,
262 3499 396 3582 primum
418 3500 514 3562 rixam
539 3500 682 3576 excitare,
709 3495 826 3562 deinde
849 3519 933 3561 arma
957 3521 1080 3584 capere,
1104 3504 1221 3586 impru-

167 3598 323 3677 dentibus,
338 3601 471 3678 nudatis,
482 3603 559 3664 vino
572 3601 709 3687 ciboque
721 3605 861 3666 oneratis
871 3604 1025 3680 insistere,
1042 3622 1115 3664 mox
1129 3613 1219 3692 terga

166 3713 291 3768 vertere
309 3714 438 3767 coactos
458 3709 614 3790 persequi.
649 3705 722 3792 Qua
744 3709 778 3771 in
801 3707 885 3795 fuga,
908 3728 1003 3792 quum
1019 3704 1220 3772 Ombitarum

166 3828 248 3871 unus
265 3808 302 3886 ,in
324 3806 461 3871 bostium
482 3829 592 3874 manus
613 3810 777 3876 incidisset
795 3822 918 3897 captum
936 3812 969 3873 in
988 3810 1086 3874 frusta
1111 3823 1219 3878 secant

166 3909 368 3995 membraque
391 3913 458 3974 eius
481 3915 619 3976 corrosis
643 3913 767 3978 ossibus
790 3913 888 3978 cruda
915 3913 1080 3978 devorant.
1125 3912 1238 3998 Quae·

166 4016 272 4076 omnia
294 4014 514 4080 horridissimis
536 4019 764 4104 teterrimisque
786 4017 947 4083 coloribus
967 4017 1092 4104 depicta
1110 4040 1218 4086 neces-

165 4117 248 4178 sario
272 4117 303 4178 in
327 4130 482 4201 poemate.
495 4142 646 4186 summum
668 4122 762 4187 nobis
783 4121 920 4189 taedium
936 4126 1071 4190 excitare
1087 4122 1215 4191 debent.
1295 4182 1297 4185 ,
