2980 4700
1201 183 1212 216 i

1158 358 1207 430 63

150 523 218 608 non
247 555 295 608 est
323 545 484 631 prolecto,
512 556 617 610 tamen
647 540 819 606 admodum
846 547 958 607 inscite
982 555 1077 629 atque
1099 545 1206 629 inepte

151 657 251 712 toturn
275 669 399 714 carmen
424 653 634 733 compositum
658 665 738 721 esse,
762 662 855 708 nemo
880 648 948 722 erit,
969 649 1046 731 quin
1068 645 1206 712 libenter

152 751 322 829 concedat,
345 773 440 836 quum
464 773 482 813 e
504 748 591 813 nulla
614 771 656 811 ne
679 748 806 809 minima
829 745 955 831 quidem
976 770 1058 813 voce
1080 759 1205 816 senten·

152 859 236 920 tiave
255 854 405 938 obliquae
422 851 577 916 eiusmodi
595 849 837 937 significationis
853 852 1021 936 vestigium
1045 855 1111 915 emi
1132 874 1206 936 pos·

152 962 200 1036 sit,
222 975 328 1040 neque
350 955 383 1018 id
407 959 538 1018 omnino
563 955 682 1042 fugisse
702 952 829 1019 videtur
841 954 1066 1031 Heinrichium‚
1089 956 1206 1038 quippe

152 1063 208 1146 qui
230 1061 332 1122 statim
355 1058 463 1138 addat,
492 1063 606 1124 satirae
629 1058 726 1122 finem
749 1079 966 1143 summumque
988 1065 1206 1145 argumentum
1314 1121 1327 1144 ἱ

153 1163 252 1250 longe
275 1161 365 1226 aliter
388 1161 539 1225 cecidisse
562 1172 657 1245 atque
680 1172 941 1244 exspectaremus.
979 1162 1087 1227 Video
1114 1181 1207 1240 nunc,

155 1287 205 1327 me
229 1265 479 1326 consentientem
502 1265 534 1325 in
555 1264 604 1325 his
627 1262 744 1325 habere
767 1261 807 1326 G.
831 1261 855 1324 l.
876 1263 1035 1342 Vossium,
1058 1269 1112 1348 qui
1133 1268 1205 1330 inst.

156 1378 241 1451 poet.
259 1367 313 1430 lll.
329 1369 360 1430 9.
378 1367 406 1430 7.
430 1367 473 1428 ita
495 1365 625 1430 scribat:
646 1364 747 1443 „idem
765 1362 925 1428 luvenalis
947 1375 1004 1428 sat.
1020 1368 1090 1429 XV.
1115 1369 1208 1430 etiam

153 1521 169 1547 ,‚
176 1471 282 1548 refert,
304 1472 461 1533 hominem
478 1469 517 1534 ab
533 1469 663 1533 homine
677 1473 765 1532 varie
781 1466 958 1546 dissectum,
981 1489 1064 1532 aeno
1082 1478 1208 1533 coctum

153 1573 227 1650 „vel
250 1583 385 1637 assatum
409 1583 503 1657 atque
525 1575 617 1636 etiam
639 1582 821 1649 comestum,
844 1591 925 1656 quae
947 1593 1025 1637 sane
1048 1572 1207 1638 horrenda

153 1699 237 1754 „nec
258 1679 372 1740 satirae
396 1679 633 1749 convenientia;
655 1697 765 1739 verum
787 1685 875 1740 recte
897 1676 1031 1742 iamdiu
1053 1680 1206 1742 monitum

152 1804 193 1860 „a
215 1783 310 1844 variis
332 1800 400 1843 non
424 1801 493 1845 esse
516 1803 585 1846 eam
606 1780 800 1845 luvenalis.“
844 1781 882 1844 ln
910 1780 1026 1845 ultimis
1055 1801 1133 1845 sane
1160 1803 1207 1844 er-

152 1907 222 1949 rare
243 1883 371 1947 videtur
394 1885 538 1961 Vossius,
561 1892 617 1946 sat.
633 1884 703 1946 XV.
727 1884 922 1966 permiscens
945 1905 1016 1947 cum
1038 1893 1095 1946 sat.
1111 1883 1206 1960 xvi,

152 2008 244 2072 quam
268 1985 452 2053 scholiastes
475 1990 551 2063 iam,
579 1988 689 2050 nescio
713 1989 795 2070 quis,
826 2006 843 2048 a
865 1983 1026 2072 plerisque
1047 1984 1207 2072 perhibuit

152 2089 294 2176 explodi3
319 2093 435 2154 etenim
449 2092 501 2153 vix
522 2089 629 2170 credo,
652 2092 891 2156 anteVossium
913 2112 1099 2176 quemquam
1121 2089 1206 2155 idem

154 2194 195 2258 de
210 2194 270 2257 hac
284 2196 379 2258 satira
394 2192 543 2257 iudicium
558 2195 681 2258 fecisse.
716 2196 832 2259 Errare
851 2206 954 2259 autem
974 2197 1089 2280 potnit,
1111 2213 1206 2277 quum

153 2301 238 2382 ipsas
255 2301 366 2360 satiras
380 2317 448 2358 non
464 2299 638 2382 inspexisse
653 2294 806 2373 videatur,
827 2299 861 2360 in
882 2296 996 2381 quibus
1017 2298 1206 2360 contrarium

151 2421 282 2486 prorsus
298 2409 442 2463 narratur
454 2402 464 2435 ¹
474 2405 496 2479 >.
530 2401 582 2464 De
598 2403 746 2464 universa
761 2410 864 2463 autem
880 2402 974 2464 satira
986 2400 1126 2464 Vossius
1137 2403 1206 2465 sine

153 2503 252 2567 dubio
282 2513 369 2568 recte
397 2498 518 2584 statuit,
548 2525 652 2591 neque
675 2503 835 2569 Franckio
861 2527 991 2592 possum
1019 2503 1206 2584 concedere,

151 2617 254 2672 totum
277 2608 338 2672 hoc
361 2631 487 2674 carmen
509 2633 579 2675 cum
602 2614 697 2676 satira
712 2611 798 2674 XVI.
820 2609 860 2674 ab
880 2631 921 2675 eo
940 2631 1011 2675 esse
1028 2608 1204 2672 contusum.

151 2713 280 2777 Frustra
297 2723 400 2777 autem
417 2726 449 2776 et
463 2715 568 2777 verbis
591 2717 691 2797 magis
708 2735 801 2794 quam
823 2712 1000 2774 rationibus
1023 2714 1092 2792 ipse
1108 2712 1206 2771 Fran-

151 2814 240 2878 ckius
270 2821 320 2898 (p.
338 2817 433 2891 103.)
462 2813 542 2876 illud
569 2821 787 2898 argumentum
811 2810 957 2875 defendit
977 2810 1061 2874 hunc
1083 2811 1150 2876 lere
1172 2815 1206 2877 in

151 2915 294 2979 modum:
323 2914 467 2993 „traduci
490 2937 507 2980 a
530 2925 627 3002 poeta
650 2916 819 2980 vanitatem
842 2913 1042 3004 popularium
1067 2937 1205 3003 quorun-

151 3071 167 3098 ‚,
176 3020 261 3098 dam,
292 3024 345 3106 qui
374 3030 475 3084 toturn
504 3020 613 3084 orbem
642 3029 795 3084 terrarum
826 3025 956 3107 egregie
988 3040 1028 3084 eo
1060 3030 1205 3104 tempore

114 3159 118 3176 .
152 3123 307 3198 „Graecis
330 3126 546 3203 Romanisque
568 3121 667 3183 literis
692 3131 724 3181 et
746 3119 864 3183 artibus
888 3119 1044 3184 excultum
1072 3142 1142 3183 esse
1163 3125 1207 3184 ia-

152 3270 169 3298 „
177 3230 307 3296 starent,
322 3242 415 3304 quum
431 3231 539 3294 tamen
554 3223 734 3282 universum
746 3240 849 3306 genus
861 3221 1030 3283 humanum
1042 3230 1104 3284 tam
1116 3243 1207 3306 prae-

153 3322 261 3402 „clara
283 3321 337 3386 illa
356 3331 459 3386 aetate
476 3320 604 3408 longius
621 3342 712 3406 quam
729 3343 876 3406 umquam
895 3331 968 3387 ante
990 3322 1072 3388 absit
1093 3347 1111 3389 a
1127 3347 1205 3392 vero

152 3429 270 3505 „animi
293 3425 380 3491 cultu
402 3429 436 3490 in
458 3435 590 3490 naturae
614 3429 837 3492 convenientia
859 3427 1029 3517 ponendo,
1047 3429 1148 3510 adeo,
1171 3441 1206 3497 ut

152 3540 356 3617 „serpentum
372 3533 474 3596 maior
485 3535 546 3595 iam
562 3535 603 3597 sit
618 3553 710 3618 quarn
728 3534 889 3601 hominum
906 3535 1113 3600 concordia.“
1150 3535 1206 3596 Vi-

153 3635 277 3713 demus,
305 3635 568 3720 quemadmodum
598 3660 632 3702 se
658 3642 822 3719 torserint,
851 3644 905 3727 qui
927 3643 961 3704 in
983 3639 1046 3702 hoe
1069 3639 1205 3702 carmine

152 3739 286 3825 aliquam
303 3738 412 3802 saltem
428 3742 582 3803 satiricam
600 3752 697 3807 artem
717 3744 915 3831 deprehendi
935 3763 1032 3828 posse
1054 3741 1205 3821 arbitrati,

152 3844 230 3908 nihil
252 3843 380 3908 tandem
403 3845 578 3922 inveniunt,
602 3869 693 3932 quam
710 3848 798 3935 quod
819 3852 880 3933 ipsi
895 3845 1000 3911 verbis
1015 3846 1204 3922 intulerunt;

152 3968 254 4032 neque
285 3951 368 4013 enim
395 3946 583 4033 populares,
612 3973 692 4037 quos
720 3951 844 4017 irrideri
872 3949 1004 4039 putabat
1029 3935 1204 4017 Franckius

150 4093 349 4104 —-—-·.-.-·—-.—-

223 4166 254 4235 l)
278 4168 333 4223 Sat.
346 4167 405 4225 XV.
424 4191 448 4225 v.
463 4173 505 4227 81.
525 4191 584 4229 nec
602 4174 706 4232 ardenti
725 4174 832 4232 decoxit
849 4195 916 4232 aeno
931 4173 990 4233 'Aut
1007 4178 1133 4235 verubus.
