2980 4700
297 351 345 422 50

299 536 498 610 ciosissimae‚
521 531 599 595 alios
618 530 747 616 longam
769 539 972 610 senectutem,
995 537 1137 617 quamvis
1155 554 1271 619 corpus
1288 554 1352 597 om-

298 639 415 722 niaque
437 635 576 701 membra
600 631 717 698 debilia
742 643 834 720 atque
857 632 980 699 inutilia
1002 633 1124 700 reddat.
1159 635 1264 719 Quam
1284 659 1355 700 sen-

299 743 428 803 tentiam
452 764 481 802 v.
497 741 572 804 232.
597 742 638 802 ita
663 741 876 824 persequitur:

590 901 594 915 ,
1004 861 1058 909 Sed
1074 861 1146 910 omni

407 949 587 998 Membrorum
604 949 701 996 damno
721 945 808 996 maior
825 935 974 1012 dementia,
994 959 1064 1008 quae
1082 959 1134 996 neo

405 1032 520 1083 Nomina
537 1044 693 1094 servorum,
712 1043 764 1080 neo
782 1031 886 1080 voltum
904 1031 1031 1094 agnoscit
1049 1031 1140 1092 amici,

300 1115 370 1183 235)
407 1117 473 1170 Cum
492 1130 544 1180 quo
562 1117 711 1180 praeterita
729 1115 856 1166 coenavit
874 1118 971 1181 noeto,
989 1127 1041 1166 nec
1058 1114 1133 1182 ilios,

406 1207 482 1265 Quos
500 1203 608 1269 genuit,
628 1215 695 1266 quos
714 1202 814 1253 eduxit.
850 1205 919 1253 Nam
938 1201 1032 1251 codiee
1049 1214 1134 1252 saevo

406 1291 529 1340 Heredes
546 1294 622 1340 vetat
640 1303 702 1340 esse
721 1302 801 1353 suos,
826 1289 897 1338 bona
916 1291 974 1338 tota
991 1288 1117 1337 seruntur

407 1378 448 1426 Ad
465 1376 590 1426 Phialen:
616 1378 719 1426 tantum
738 1370 849 1424 artificis
868 1374 942 1423 valet
960 1374 1060 1424 halitus
1080 1374 1145 1437 oris,

408 1464 484 1522 Quod
503 1465 619 1512 steterat
636 1459 728 1509 multis
745 1459 772 1507 in
792 1469 905 1508 earcere
922 1458 1036 1507 fornicis
1054 1457 1141 1507 annis.

389 1573 440 1634 De
463 1568 585 1654 quibuS,
609 1591 702 1652 quum
725 1566 854 1630 multum
878 1569 939 1628 iam
963 1588 1000 1628 ac
1023 1565 1077 1629 diu
1100 1565 1290 1650 disputatum
1315 1568 1356 1630 sit

301 1680 383 1739 inter
404 1677 489 1736 viros
513 1671 643 1749 doctos,
671 1693 737 1735 non
760 1689 943 1733 revocarem
966 1666 1073 1734 denuo
1097 1672 1356 1746 controversiam,

302 1781 335 1842 ni
349 1775 550 1842 Heinrichius
568 1778 621 1860 qui
643 1781 735 1839 unus'
749 1796 786 1837 ex
807 1772 984 1860 philologis
1006 1772 1137 1837 uberius
1160 1771 1201 1836 dc
1223 1773 1271 1835 his
1287 1794 1358 1836 ver-

303 1882 390 1946 sibus
407 1883 481 1969 egit,
503 1882 537 1943 in
560 1880 673 1942 nimios
697 1877 763 1940 fere
785 1874 893 1962 lapsus
911 1885 995 1940 esset
1010 1897 1143 1955 errores,
1167 1897 1267 1962 quare
1283 1897 1357 1939 con-

302 1994 349 2046 tra
372 1983 461 2047 illum
484 1987 614 2046 maxime
637 1983 700 2044 hoc
723 1980 796 2043 loco
820 1981 896 2044 mihi
916 1984 976 2043 erit
997 1979 1214 2067 pugnandum.
1248 1980 1357 2044 Disce-

302 2094 409 2171 ptatur
429 2087 520 2161 enim,
543 2093 645 2146 utrum
661 2083 757 2146 verba
781 2103 875 2158 „nam
899 2081 1012 2146 codice
1034 2105 1132 2147 saevo
1155 2081 1289 2147 heredes
1304 2104 1356 2145 ve-

304 2197 371 2267 „tat
400 2207 469 2251 esse
498 2191 597 2262 suou‘
621 2183 660 2250 de
685 2183 1004 2251 exheredatione
1028 2208 1068 2250 an
1092 2187 1132 2251 de
1154 2186 1355 2273 praeteri·-

303 2293 414 2355 tione
441 2292 505 2354 sint
533 2288 760 2376 intellegenda.
807 2290 853 2352 Aa
881 2294 985 2376 primo
1013 2289 1140 2377 quidem
1163 2300 1294 2376 aspectu
1316 2288 1354 2352 ad

300 2391 560 2478 praeteritionem
584 2392 781 2454 statuendam
805 2393 898 2456 facile
920 2393 1078 2472 inclinari,
1096 2397 1224 2458 minime
1247 2397 1356 2457 mirum

304 2504 359 2569 est,
383 2511 476 2573 quum
500 2493 533 2552 in
556 2491 773 2573 superioribus
796 2492 914 2574 ubique
937 2494 979 2556 de
1000 2500 1174 2558 senectutis
1193 2497 1357 2561 debilitate

302 2593 433 2669 dicatur,
456 2614 516 2678 qua
540 2591 687 2656 omnibus
710 2594 854 2675 corporis
877 2596 1036 2680 animique
1051 2596 1172 2660 viribus
1187 2601 1357 2682 privemur,

304 2696 399 2764 etde
423 2695 601 2773 oblivione,
629 2715 709 2780 quae
735 2692 810 2758 inde
836 2703 906 2758 orta
934 2717 994 2760 nec
1022 2717 1186 2763 servorum
1216 2704 1356 2779 nomina,

304 2825 365 2867 nec
380 2805 471 2868 amici
486 2799 615 2878 vultum,
630 2819 691 2864 nec
703 2801 791 2883 ipsos
805 2798 891 2864 filios
908 2821 1083 2887 agnoscere
1098 2807 1245 2888 patietur.
1267 2804 1356 2891 Quid

304 2909 401 2992 igitur
415 2902 595 2986 simplicius,
618 2923 710 2985 quam
726 2901 904 2966 dementem
918 2905 1006 2968 illum
1022 2916 1143 2991 patrem
1158 2911 1192 2970 in
1208 2908 1356 2974 faciendo

303 3015 492 3072 testamento
515 3023 591 3066 suos
614 3001 779 3067 oblivione
799 3009 1008 3089 praeterisse?
1048 3009 1255 3092 Estquidem
1278 3011 1357 3075 haec

303 3111 476 3177 Heinricbii
505 3109 671 3172 sententia.
717 3109 781 3172 lam
803 3131 882 3175 vero
908 3107 1071 3176 audiamus
1092 3111 1220 3201 singula
1243 3118 1356 3178 errori·

303 3217 362 3280 bus
376 3218 524 3300 vitiisque
540 3212 744 3277 abundantia.
777 3215 915 3280 Primum
938 3218 1020 3280 enim
1041 3226 1141 3303 putat,
1163 3229 1292 3304 poetam
1316 3219 1356 3284 ad

304 3317 474 3382 Claudium
497 3321 720 3402 imperatorem
735 3325 920 3404 respexisse,
943 3324 1033 3386 cuius
1048 3325 1159 3386 misera
1175 3327 1288 3388 mentis
1303 3327 1357 3388 im-

303 3417 459 3481 becillitas
482 3421 556 3480 setis
579 3429 657 3482 nota
680 3431 742 3498 est,
765 3421 892 3500 (laudat
915 3422 954 3485 de
978 3445 1016 3487 ea
1038 3446 1073 3488 re
1097 3428 1173 3488 Tac.
1196 3428 1279 3490 Anu.
1303 3428 1354 3491 Xl.

303 3523 387 3601 38.).
421 3516 486 3582 Sed
509 3540 614 3602 neque
637 3524 670 3583 in
692 3522 821 3609 reliquis
837 3534 921 3588 certa
938 3535 1013 3589 sunt
1029 3505 1154 3606 indicia,
1177 3529 1293 3614 quibus
1315 3529 1355 3594 ad

304 3627 388 3689 hunc
414 3626 637 3709 imperatorum
660 3645 825 3705 vocemur,
854 3649 957 3713 neque
981 3628 1184 3710 ullomodo,
1211 3655 1292 3718 quae
1316 3633 1356 3698 de

303 3736 493 3792 testamento
517 3723 677 3803 dicuntur,
700 3728 740 3792 ad
763 3728 934 3795 Claudium
957 3733 1068 3797 referri
1089 3746 1238 3819 possunt,
1262 3756 1354 3819 quem

303 3851 398 3896 nemo
417 3851 563 3916 umquam
584 3829 691 3895 retulit
706 3841 895 3898 testamento
910 3834 996 3901 filios
1011 3838 1227 3903 exheredasse.
1262 3839 1355 3901 Anne

303 3955 391 3997 novo
417 3936 480 3999 hoc
502 3933 822 4022 exemplo'novoque
846 3961 955 4004 errore
976 3963 1126 4025 perversa
1148 3944 1207 4004 ista
1230 3941 1355 4006 Heinri-

304 4035 525 4101 chiitectarum
534 4035 794 4126 obliquorumque
805 4047 1005 4108 notationum
1016 4042 1266 4129 quaerendarum
1278 4065 1353 4109 corr-

302 4136 439 4202 suetudo
449 4139 612 4222 praeclare
622 4143 842 4232 redarguitur?
865 4145 1151 4212 Exheredationem
1163 4156 1267 4213 autern
1279 4148 1353 4213 ideo
