2980 4700
1171 367 1217 438 57

158 550 255 628 „dius
277 551 386 616 alveus
409 553 507 618 tluctu
528 553 614 616 foret
636 552 753 638 plenus
776 559 808 612 et
830 553 891 612 iam
914 549 1028 627 (undis
1052 555 1218 615 evertenti-

160 655 245 730 „bus
267 654 420 720 alternum
443 658 558 740 puppis
585 654 688 732 latus)
711 649 880 736 prudentia
903 655 974 714 cani
995 656 1128 716 rectoris
1149 653 1218 718 nul-

160 756 246 836 „lam
269 759 432 822 conferret
455 777 549 840 opem
572 753 758 838 (periculo)
782 753 903 816 arboris
925 757 1092 818 incertae.“
1119 754 1218 838 Quod

162 861 337 945 periculum
360 859 451 924 nullo
474 857 573 920 modo
596 858 629 918 in
653 858 801 943 genitivis
824 856 964 934 „arboris
988 858 1144 920 incertae“
1167 881 1219 921 au-

163 962 225 1027 diri
239 972 356 1046 potest,
380 964 433 1046 qui
455 960 539 1024 haud
562 957 658 1024 dubie
682 982 752 1024 cum
775 958 1042 1045 praecedentibus
1057 970 1131 1023 sunt
1146 981 1220 1024 con-

161 1063 326 1150 iungendi.
371 1067 543 1149 Rupertius
567 1065 671 1128 autem
694 1073 795 1127 totum
818 1063 925 1128 locum
946 1067 991 1128 ita
1013 1062 1220 1149 perturbavit,

163 1189 261 1252 quum
288 1189 400 1230 vocem
431 1170 592 1250 „puppis“
622 1164 780 1250 glossema
810 1167 851 1229 ad
881 1168 1027 1244 „arboris
1055 1171 1220 1231 incertae“

165 1271 336 1352 ascriptum
364 1276 504 1352 putaret,
532 1277 568 1330 ut
595 1266 820 1330 refutationem
850 1289 973 1346 eorum,
1004 1291 1084 1352 quae
1107 1270 1219 1333 substi-

165 1371 284 1434 tuenda
308 1374 463 1456 opinatur,
486 1389 554 1432 non
576 1373 785 1433 necessariam
808 1369 929 1434 ducam.
976 1369 1101 1433 Eodem
1122 1370 1220 1434 modo

164 1473 308 1538 infelices
332 1485 428 1551 erant,
451 1477 504 1561 qui
521 1475 711 1537 coniecturis
726 1473 897 1559 impeditae
913 1477 1142 1538 constructioni
1159 1495 1221 1538 me-

164 1575 235 1640 deri
261 1589 450 1654 statuerunt;
482 1576 580 1664 longe
610 1579 750 1641 omnium
780 1577 1013 1643 infelicissimus
1036 1577 1221 1644 Schurzilei-

163 1681 282 1761 schius,
306 1687 360 1768 qui
382 1680 582 1746 scribendum
605 1690 699 1758 ratus,

271 1837 358 1895 ouum
376 1838 472 1898 plenus
490 1835 575 1884 tinctu
592 1834 696 1883 medius
714 1835 788 1883 toret
806 1837 901 1884 alveus
920 1840 948 1886 et
966 1835 1018 1885 iam

270 1922 411 1971 Alternum
429 1919 525 1982 puppis
542 1921 629 1983 latus,
649 1918 834 1968 evertentibus
852 1919 931 1968 undis

255 2005 382 2055 'Arboris
400 2005 555 2071 incurvum,
574 2001 676 2054 nullam
692 2003 836 2066 prudentia
854 2003 916 2053 cani

271 2091 399 2142 flecteris
415 2103 495 2154 quum
513 2090 599 2142 terret
616 2104 707 2153 opem:
732 2089 857 2142 decidere
875 2089 949 2145 iactu

272 2176 370 2240 Coepit
387 2182 440 2228 eto.
459 2179 512 2227 etc.

165 2325 208 2367 ne
231 2304 332 2368 dicam
356 2303 396 2367 de
420 2303 590 2366 audaciore
613 2303 774 2367 literarum
797 2306 981 2381 mutatione,
1004 2302 1118 2382 intulit,
1141 2325 1222 2390 quae

165 2428 227 2471 nec
249 2408 362 2472 Latine
384 2405 447 2470 dici
469 2416 612 2491 possunt,
633 2406 781 2485 „arboris
803 2410 1066 2494 incurvum“pro
1089 2410 1222 2474 incurvo

166 2509 267 2588 malo,
296 2532 358 2574 nec
385 2508 577 2575 luculentam
608 2511 752 2575 efficiunt
779 2513 977 2576 sententiam.
1022 2513 1222 2578 Heinrichius

165 2613 263 2700 paulo
292 2614 455 2679 meliorem
479 2615 616 2681 lacobsii
645 2619 858 2680 coniecturam
887 2620 1058 2700 „aequoris
1087 2619 1224 2680 incerti“

165 2739 251 2782 nova
274 2723 456 2782 coniectura
481 2721 510 2779 ei
532 2729 745 2801 superstructa
768 2717 992 2800 pessumdedit,
1016 2737 1111 2798 quum
1133 2725 1225 2799 putet
1255 2752 1258 2760 ·

166 2871 183 2898 „
191 2821 313 2884 arboris
321 2827 337 2854 ‘⁴
352 2840 419 2882 non
441 2822 475 2879 in
497 2821 668 2900 „aequoris
676 2822 691 2850 “
707 2816 764 2878 sed
786 2819 821 2878 in
843 2818 1029 2892 „marmoris
1037 2822 1053 2848 “
1070 2837 1140 2880 esse
1158 2839 1225 2882 mu-

168 2921 305 2987 tandum.
352 2920 417 2986 Sed
446 2918 672 2985 tumultuosum
701 2941 788 3002 mare
816 2926 999 2999 „marmor“
1027 2920 1090 2986 dici
1118 2942 1223 3008 posse,

168 3047 273 3110 neque
288 3037 428 3090 veterum
453 3023 595 3109 exempla
618 3028 693 3088 satis
715 3024 860 3108 probant,
883 3047 987 3109 neque
1010 3037 1084 3108 apte
1107 3034 1224 3108 tempe

169 3132 269 3190 stuosi
291 3133 384 3189 maris
407 3133 514 3208 imago
538 3126 579 3185 de
601 3145 756 3185 marmore
779 3128 914 3207 repetita
938 3134 1029 3200 esset,
1056 3145 1138 3206 quae
1160 3124 1225 3208 pla-

171 3226 243 3291 cido
266 3227 364 3289 modo
386 3226 548 3308 planoque
572 3225 702 3304 aequori
726 3223 963 3285 accommodata
986 3233 1034 3285 est
1049 3225 1093 3301 1).

259 3329 294 3393 si
315 3327 421 3405 verba,
445 3321 708 3409 quemadmodum
730 3344 816 3386 nunc
838 3327 871 3387 in
893 3324 981 3389 libris
1004 3323 1162 3412 leguntur,
1184 3326 1224 3390 ab

170 3437 242 3519 ipso
253 3430 405 3496 luvenale
417 3428 561 3516 prolecta
573 3436 654 3506 sunt,
665 3449 747 3492 unus
759 3431 898 3493 omnium
908 3425 1090 3516 Madvigius
1102 3452 1224 3495 summo
1287 3417 1301 3439 ‘

171 3540 292 3624 ingenii
308 3538 450 3599 acumine
465 3531 574 3611 solam,
598 3553 678 3618 quae
693 3533 769 3595 ferri
785 3543 901 3618 potest,
924 3537 1150 3598 sententiarum
1174 3554 1226 3597 co-

172 3642 364 3705 haerentiam
388 3636 569 3716 declaravit,
592 3657 685 3722 quum
709 3639 885 3702 orationem
908 3646 985 3722 post
1006 3639 1073 3714 „et“
1093 3655 1130 3697 ac
1151 3647 1227 3722 post

170 3743 299 3823 „undis“
320 3744 497 3806 intercisam
521 3743 566 3803 sic
587 3741 697 3805 iubeat
717 3741 875 3828 intellegi:
897 3739 1023 3823 „Quum
1044 3737 1154 3802 alveus
1169 3741 1226 3805 llu-
1306 3745 1310 3750 '

172 3858 241 3924 „ctu
263 3846 377 3933 plenus
401 3845 485 3909 foret
508 3853 539 3907 et
562 3844 683 3908 arboris
706 3848 853 3923 incertae,
877 3847 897 3907 i.
923 3863 949 3906 e.
972 3841 1047 3905 mali
1069 3843 1225 3910 instabilis

174 3963 223 4027 „et
243 3954 365 4014 iamiam
388 3951 503 4025 casini,
533 3948 622 4033 quod
646 3949 843 4016 efficiebatur
865 3970 903 4012 ex
924 3947 1108 4033 gravissima
1131 3948 1226 4014 iacta-

235 4155 660 4244 „mmmmm
