2980 4700
281 315 330 389 24

282 502 411 567 matteas
441 500 597 586 explicare
626 523 795 588 possumus
824 501 965 566 ultimum
991 502 1076 565 huno
1097 523 1239 582 versum,
1269 525 1343 569 esse

283 602 372 682 duas,
394 626 526 690 quarum
540 614 685 670 neutram
701 604 828 693 quidem
842 608 964 670 invenit
978 606 1159 692 Rupertius,
1182 608 1238 689 qui
1256 611 1342 670 miro

282 727 414 794 prorsus
437 729 585 795 vanoque
609 731 717 775 errore
743 713 778 773 in
802 711 911 795 priore
935 709 1076 774 editione
1099 707 1264 792 deeeptus,
1291 713 1342 772 ita

283 809 351 876 fere
372 809 501 877 illorum
522 835 672 877 versuum
694 816 882 882 sententiam
906 822 1042 877 enarrat:
1071 833 1188 898 „quum
1210 810 1340 874 obviam

281 914 364 994 „tibi
386 917 496 978 veniet
516 912 694 995 Tigellinus
720 920 806 984 tace,
835 911 978 992 alioquin
1000 915 1057 977 ille
1079 937 1154 978 mox
1177 921 1343 1000 accusator

282 1019 381 1098 „erit‚
411 1015 465 1097 qui
492 1013 677 1093 imperatori
704 1008 789 1071 dicet
811 1007 908 1085 „„hic
931 1018 979 1071 est
1000 1010 1055 1080 ille
1077 1017 1257 1097 improbus,
1287 1019 1343 1100 qui

284 1107 442 1195 ,‚„famam
465 1122 550 1176 tuam
572 1110 680 1177 laedet
699 1110 820 1195 tibique
843 1109 1068 1175 maledicet.““
1101 1114 1144 1178 At
1165 1136 1233 1179 non
1256 1140 1342 1202 opus

284 1219 345 1282 erit
366 1215 465 1280 verba
494 1216 601 1282 facere
630 1216 671 1280 de
700 1213 924 1299 explicatione,
954 1237 1047 1300 qnam
1073 1218 1144 1302 ipse
1165 1219 1344 1305 Rupertius

281 1323 317 1384 in
339 1318 440 1384 altera
463 1319 605 1385 editione
628 1319 796 1384 mutaverit
811 1339 882 1381 cum
897 1317 958 1382 alia
972 1319 1141 1383 Heineckii
1162 1323 1341 1400 (animadv.

281 1426 316 1488 in
338 1424 405 1487 Iuv.
432 1433 489 1486 sat
511 1421 622 1487 Halae.
648 1423 765 1502 1804.)
789 1431 821 1486 et
842 1423 1032 1500 Heinrichii,
1056 1419 1096 1484 ad
1118 1432 1216 1487 artem
1238 1446 1345 1512 gram-

281 1527 426 1590 maticam
449 1533 536 1588 reete
559 1523 686 1609 quidem
709 1528 755 1588 sic
780 1527 1070 1612 interpretantium,
1098 1535 1133 1589 ut
1161 1537 1234 1592 ante
1262 1531 1343 1613 „qui

159 1618 164 1628 ’
282 1625 431 1706 „verbum
461 1625 597 1691 dixerit“
620 1627 874 1694 subaudiendum
904 1633 945 1694 sit
972 1631 1095 1709 ‚,eius“.
1140 1631 1217 1693 Non
1244 1651 1341 1716 nego,

283 1731 379 1796 talem
402 1733 600 1816 pronominis
624 1729 751 1817 ellipsin
774 1731 842 1797 aliis
865 1755 995 1820 quoque
1017 1733 1220 1818 comprobari
1243 1755 1342 1819 posse

284 1833 445 1920 exemplis,
469 1837 610 1919 quamvis
633 1855 700 1899 non
723 1840 838 1916 omnia,
861 1859 942 1923 quae
965 1839 1025 1900 viri
1047 1836 1136 1901 docti
1159 1835 1342 1914 attulerunt,

282 1936 346 2000 huc
360 1939 554 2021 pertineant;
576 1946 682 2001 tamen
697 1960 801 2016 nemo,
822 1962 863 2003 ne
878 1941 1021 2004 veterum
1038 1931 1164 2024 quidem
1179 1941 1344 2004 Romano-

283 2052 367 2118 rum,
398 2043 452 2124 qui
474 2040 656 2128 perlegeret
676 2039 751 2104 illos
774 2061 899 2119 versus,
929 2038 1024 2103 talem
1048 2045 1203 2105 orationis
1226 2063 1342 2106 nexum

284 2146 390 2207 statim
412 2146 564 2208 extricare
586 2145 699 2230 potuit,
722 2143 806 2208 haud
829 2144 925 2210 dubie
947 2147 992 2207 ita
1015 2147 1214 2232 coniungens
1229 2145 1342 2210 verba:

284 2258 474 2326 „aecusator
504 2251 563 2312 erit
591 2249 632 2327 is,
664 2251 718 2334 qui
741 2248 872 2313 verbum
887 2247 1008 2313 dixerit
1033 2249 1108 2327 „hio
1130 2253 1234 2312 est.““
1277 2249 1344 2313 De·

282 2350 445 2417 fendenda
467 2353 566 2436 igitur
589 2353 649 2412 erit
670 2352 750 2415 haee
764 2353 936 2416 verborum
952 2353 1164 2431 cohaerentia,
1188 2361 1221 2417 et
1234 2360 1343 2438 potest

282 2474 360 2518 sane
377 2457 496 2540 optime
512 2450 642 2516 defendi
659 2473 697 2515 ex
712 2455 809 2516 totius
825 2452 891 2514 loci
906 2456 1073 2516 sententia.
1097 2455 1248 2518 Obicitur
1259 2457 1343 2520 enim

283 2567 409 2642 poetae,
432 2554 646 2642 periculosum
669 2575 747 2633 esse,
771 2555 926 2641 flagrante
949 2543 1054 2621 animo
1078 2559 1188 2619 satiras
1201 2577 1343 2643 ‘compo-

282 2680 369 2737 nere,
392 2681 464 2722 uam
486 2661 513 2722 si
529 2655 684 2745 Tigellini
705 2657 825 2745 flagitia
847 2660 1077 2742 perstrinxeris,
1100 2661 1289 2724 saevissimis
1309 2669 1343 2725 te

283 2763 402 2825 alliciet
424 2763 602 2849 suppliciis;
629 2765 704 2846 quin
723 2783 764 2825 ne
781 2761 883 2848 digito
899 2760 1027 2846 quidem
1049 2762 1225 2848 parvulove
1241 2763 1342 2828 verbo

284 2863 413 2926 obviam
435 2863 493 2925 tibi
515 2867 649 2927 veniens
672 2864 900 2952 significandus
925 2849 982 2941 est,
1004 2886 1086 2943 nam,
1110 2870 1164 2950 qui
1187 2866 1283 2930 modo
1305 2865 1343 2928 il-

282 2963 339 3030 lud
363 2963 476 3028 dixerit
504 2965 579 3043 „hic
602 2972 681 3048 est“,
710 2973 772 3033 iam
795 2966 942 3051 publicus
966 2970 1055 3050 qnasi
1078 2970 1145 3030 eius
1169 2971 1229 3032 erit
1251 2990 1343 3033 aecu-

283 3079 382 3147 sator,
401 3090 476 3134 mox
497 3091 620 3156 poenas
643 3071 815 3137 soluturus.
858 3071 978 3136 Nonne
999 3071 1097 3156 igitur
1119 3070 1222 3136 multo
1243 3075 1342 3158 magis

282 3174 529 3259 peccaveritis,
552 3177 606 3261 qui
629 3178 740 3241 satiras
762 3179 797 3241 in
820 3197 892 3240 eum
915 3177 1170 3272 composueritil

718 3385 913 3395 -—.—----

663 3547 881 3718 sarran
913 3609 961 3684 11.

375 3783 524 3869 Increpat
546 3794 643 3869 poeta
665 3786 759 3849 initio
783 3784 914 3852 alterius
937 3791 1052 3854 satirae
1077 3791 1340 3876 philosophorum

192 3913 200 3931 1
284 3889 478 3972 maximeque
494 3887 674 3953 Stoicorum
698 3891 884 3974 pravitatem
906 3894 1030 3956 virtutis
1054 3894 1181 3978 quidem
1204 3896 1340 3980 speciem

284 4010 360 4074 prae
383 4010 417 4054 se
441 3990 623 4070 ferentium,
651 4013 763 4058 revera
787 3999 889 4060 autem
914 3997 1092 4081 turpissima
1116 4017 1259 4083 quaeque
1281 3997 1339 4062 sibi

285 4089 528 4180 indulgentium.
563 4095 600 4158 ln
622 4117 711 4183 quos,
733 4107 901 4185 postquam
923 4101 1107 4186 gravissima
1129 4103 1176 4165 ira
1196 4103 1339 4166 invectus
