2980 4700
423 575 425 580 ι
552 513 647 583 Prior,
665 513 766 578 inquit,
785 525 840 580 ego
859 517 965 566 adsum

258 595 313 648 Gur
332 597 454 666 timeam,
472 597 627 650 dubitemve
644 602 735 651 locum
754 599 915 668 defendere,
937 601 1058 664 quamvis

252 687 340 734 Natus
360 686 394 734 nd
411 685 584 751 Euphraten,
603 688 700 736 molles
719 687 789 748 quod
807 683 836 734 in
853 698 920 736 aure
938 688 1075 738 fenestrae

147 765 217 834 105)
253 769 416 835 arguerint,
434 769 502 819 licet
519 767 580 829 ipse
598 783 708 832 negem:
734 769 782 819 sed
801 769 917 831 quinque
935 773 1064 821 tabernae

187 851 189 854 ’
255 853 459 916 Quadringenta
475 857 583 918 pmant.
619 855 687 915 Quid
707 856 813 905 confert
831 867 951 916 purpura
969 855 1057 905 maior

256 940 423 1005 opmndum,
442 937 466 988 si
483 939 613 990 Laurenti
631 939 795 990 custoditio
814 951 883 1002 agro

255 1023 410 1078 conductas
429 1022 564 1074 Corvinus
582 1020 669 1077 evasi
688 1039 741 1090 ego
760 1025 889 1088 possideo
908 1028 970 1088 plus

253 1110 378 1161 Pallante
397 1113 426 1159 et
442 1109 554 1166 [ricinis.
589 1113 758 1173 Exspectant
776 1124 844 1176 ergo
863 1111 976 1163 Tubuni
993 1117 1021 1164 et
1039 1127 1064 1176 q.
1083 1127 1107 1162 s.

169 1250 170 1254 ¹
236 1229 301 1290 Iam
326 1226 367 1290 de
389 1226 494 1291 verbis
516 1229 680 1313 „quinque
702 1227 876 1292 tabernae“
898 1231 1098 1295 Heinriebius
1122 1241 1204 1298 cete-

147 1352 203 1396 ros
219 1330 358 1394 editores
376 1339 512 1408 secutus,
535 1333 612 1394 mira
634 1353 704 1394 cum
726 1333 848 1394 incuria
871 1330 945 1394 talia
969 1331 1035 1395 fere
1058 1334 1202 1417 protulit:

147 1434 244 1498 luisse
268 1435 405 1519 quinque
427 1431 498 1497 illas
519 1432 669 1499 tabernae
691 1435 724 1497 in
747 1434 820 1498 foro
844 1444 937 1498 antea
958 1445 1080 1520 septem
1096 1434 1203 1511 dictas,

147 1537 189 1601 ad
212 1559 305 1623 quam
327 1557 392 1600 rem
414 1535 614 1622 probandam
635 1536 745 1602 laudat
766 1540 835 1604 Liv.
851 1539 966 1628 XXVI.
989 1540 1045 1616 27,
1071 1539 1201 1604 XXVII.

146 1641 199 1706 ll.
214 1679 257 1690 -
280 1642 393 1705 Fuisse
415 1643 618 1726 argentarias,
640 1662 707 1705 non
730 1641 770 1705 ab
794 1664 860 1707 uno
884 1640 1057 1706 conductas
1080 1647 1135 1721 (ut
1157 1642 1202 1706 di-

146 1752 197 1806 eat
219 1746 419 1829 Rupertius),
441 1741 498 1807 sed
520 1743 637 1807 multos
659 1745 705 1807 ibi
727 1745 820 1810 fenus
845 1749 1029 1811 exercuisse.
1075 1745 1141 1809 Se'd
1164 1767 1202 1809 ex

144 1847 229 1910 Livii
242 1845 327 1924 loco,
350 1867 442 1930 quem
466 1847 591 1909 exhibet
605 1847 822 1924 Heinrichius,
836 1848 908 1911 luce
931 1848 1046 1912 clarius
1069 1855 1202 1931 apparet

144 1947 223 2012 alias
246 1969 377 2034 prorsus
392 1947 470 2011 illas
492 1956 623 2033 septem,
644 1959 757 2034 postca
774 1953 912 2036 quinque
928 1949 1036 2029 dictas,
1059 1947 1136 2012 alias
1154 1971 1200 2013 ar-

144 2054 304 2138 gentarias
323 2051 419 2116 luisse
437 2051 593 2130 tabernas,
616 2075 705 2137 quae,
729 2076 824 2139 quum
838 2054 987 2119 incendio
1004 2062 1200 2118 essentcon-

144 2165 273 2233 smutae,
295 2165 408 2240 postea
429 2159 593 2218 restitutae
615 2176 720 2218 novae
742 2158 995 2221 nominabantur.
1029 2159 1076 2218 Ita
1092 2164 1200 2240 aperte

143 2258 254 2320 Livius
276 2267 426 2338 utrasque
449 2255 601 2332 distinxit,
628 2265 664 2318 ut
685 2257 857 2343 redarguat
878 2261 978 2342 magis
1001 2276 1093 2340 quam
1116 2276 1200 2318 conn-

146 2357 265 2445 probet
291 2358 466 2422 Heinriebii
496 2359 691 2422 sententiam.
743 2360 857 2445 Neque
887 2362 1076 2437 accuratim,
1107 2381 1200 2444 quam
1291 2395 1294 2401 ·

145 2461 230 2524 hunc
252 2461 335 2525 Livii
357 2460 476 2540 locum,
498 2464 647 2547 Rupertii
668 2466 807 2550 inspexit
828 2463 1082 2541 adnotationem,
1106 2485 1199 2549 quem

143 2585 298 2648 nusquam
313 2555 378 2629 uidi
395 2564 560 2644 dicentem,
584 2566 639 2630 has
661 2566 810 2633 tabernas
832 2569 872 2633 ab
896 2589 962 2633 uno
986 2589 1057 2632 esse
1079 2565 1198 2632 condu-

145 2675 227 2746 ctas,
257 2668 313 2732 sed
343 2671 533 2736 contrarium
560 2691 707 2753 prorsus,
740 2693 758 2734 a
787 2671 938 2734 libertino
968 2692 1037 2734 esse
1061 2668 1198 2732 'locatas

144 2768 244 2852 Quod
266 2779 371 2834 autem
394 2770 435 2833 ad
457 2773 604 2854 Rupertii
626 2775 814 2834 sententiam
836 2755 957 2849 attinet,
983 2791 1065 2856 quae
1088 2768 1198 2832 eadem

143 2872 213 2936 fere
236 2883 284 2936 est
306 2881 400 2958 atque
422 2871 610 2953 Heinriebii,
638 2895 680 2938 ne
710 2874 788 2952 haec
816 2874 943 2960 quidem
971 2885 1056 2940 stare
1082 2881 1198 2960 potest,

144 2997 240 3060 quum
262 2975 409 3061 publicae
431 2977 549 3042 fuerint
570 2977 644 3042 iliae
667 2979 818 3043 tabernac
837 2988 870 3043 et
878 3001 905 3042 ·a
922 2984 1104 3066 magistratu
1120 2997 1198 3060 quo·

143 3077 216 3141 dam
230 3078 355 3142 locatae
370 3083 443 3143 sint.
471 3080 626 3142 Videmus
641 3083 738 3164 igitur
753 3101 874 3144 errasse
887 3084 1086 3164 interpretes,
1103 3099 1198 3160 quum

143 3183 178 3242 in
193 3179 294 3242 simile
310 3179 467 3262 quoddam
483 3183 622 3263 quinque
642 3180 843 3262 tabernarum
865 3200 983 3243 nomen
1004 3178 1198 3254 incidissent,

143 3285 206 3347 iam
228 3290 348 3345 rectum
370 3302 405 3344 se
428 3290 537 3345 tenere
560 3279 741 3358 arbitratos,
765 3279 851 3366 quod
874 3281 983 3345 inferri
1006 3282 1108 3367 possit
1129 3301 1197 3344 ver-

143 3385 201 3463 bis,
224 3384 336 3470 quibus
351 3406 428 3449 vere
450 3383 530 3450 nibil
551 3387 642 3464 inest,
665 3407 757 3472 quam
779 3384 961 3450 libertinum
984 3388 1122 3472 quinque
1143 3385 1197 3448 ha-

66 3478 77 3491 ’
143 3490 250 3553 buisse
273 3489 420 3554 tabernas
442 3492 475 3553 in
489 3489 589 3568 Urbe,
613 3510 677 3575 quo
700 3489 775 3554 loco
798 3511 902 3576 neque
924 3493 999 3569 scio,
1022 3511 1126 3574 neque
1148 3510 1198 3552 re·

139 3592 208 3654 ,fert
234 3595 327 3670 scire,
356 3615 432 3676 quas
446 3665 448 3668 ¹
463 3601 517 3655 aut
544 3591 612 3657 aliis
641 3592 817 3672 locaverat,
846 3604 899 3659 aut
926 3596 959 3657 in
982 3592 1096 3677 quibus
1117 3593 1196 3675 ipse,

35 3718 38 3725 ·
144 3692 233 3780 quod
253 3698 353 3782 magis
372 3698 464 3758 etiam
482 3705 530 3758 est
544 3698 612 3760 veri
634 3697 743 3776 simile,
765 3720 823 3783 per
845 3697 1042 3762 tabernarios
1064 3698 1195 3784 negotia

145 3797 299 3862 curabat.¹
318 3799 382 3861 Iam
400 3797 486 3883 quod
501 3808 615 3878 namot,
637 3804 775 3886 quinque
797 3802 945 3864 tabernas
967 3796 1196 3886 quadringenta

145 3900 209 3964 HS.
236 3923 362 3986 parare,
392 3922 501 3967 omnes
531 3902 599 3966 fere
620 3905 809 3989 interpretes
833 3902 874 3966 de
897 3921 1003 3966 annuo
1025 3900 1129 3966 reditu
1151 3901 1197 3966 di·

148 4010 229 4065 ctum
252 4013 411 4089 putarunt,
433 4014 466 4069 et
488 4004 528 4070 ad
552 4005 644 4070 aliam
667 4007 908 4094 explicationem
930 4026 998 4069 non
1019 4005 1103 4070 bene
1124 4027 1197 4092 pro-

147 4106 233 4172 fecto
262 4106 430 4192 quadrabit
456 4108 537 4175 illud
566 4132 688 4196 „paren
707 4115 732 4172 “.
785 4107 848 4176 Sed
876 4108 1020 4198 gratulor
1046 4108 1196 4177 libertino
