2980 4700
1155 279 1250 396 ον’

142 507 213 587 „ad
237 511 388 591 equestris
411 507 613 595 dignitatem,
643 506 683 570 ad
707 504 840 570 mediam
870 507 969 572 ferme
992 517 1126 574 aetatem
1149 507 1203 574 de

142 611 420 692 „elsmsmf‘ne
443 611 582 694 equestri
604 606 764 674 iuvenalis
787 607 952 695 dignitate,
972 593 1068 696 quum
1090 613 1203 680 cobae

143 721 217 782 reat
244 738 315 780 cum
344 724 412 778 tota
440 712 494 776 illa
524 710 566 774 de
592 719 709 794 poetae
737 709 831 774 exilio
857 733 1050 798 munereque
1076 715 1202 782 militari

143 819 269 897 fabula,
297 826 411 902 postea
440 812 566 878 demum
594 811 751 878 disserere
780 831 958 898 possumus.
980 821 984 824 '
1003 815 1068 880 lam
1092 821 1201 883 nescio

142 923 307 1009 profecto,
329 939 482 1002 quaenam
504 915 620 982 indicia
636 937 780 1001 quaeque
802 925 986 1005 argumenta
1007 920 1108 1005 magis
1128 938 1202 984 con-

145 1025 275 1088 firmare
297 1030 391 1107 atque
412 1024 537 1086 intuto
562 1018 721 1086 collocare
743 1024 869 1108 possint
886 1023 992 1086 omnia
1011 1020 1053 1086 de
1067 1024 1202 1088 vitarum

146 1126 272 1192 illarum
287 1127 412 1188 ratione
427 1133 591 1186 sanatura
609 1145 716 1206 supra
713 1147 742 1187 a
764 1147 815 1188 me
832 1128 1013 1210 praemissa.
1046 1125 1112 1192 Sed
1133 1147 1202 1192 non

149 1227 225 1290 dum
249 1227 313 1288 dixi
337 1225 378 1287 de
402 1245 450 1300 eo,
473 1223 643 1306 quodvit.
662 1229 689 1288 l.
713 1225 753 1288 de
775 1235 893 1319 poetae
915 1227 1106 1293 condicione
1128 1250 1202 1314 pro·

150 1328 248 1393 ditrrm
272 1336 358 1405 est,
360 1325 507 1404 ,libertini
521 1325 692 1413 locupletis
706 1331 860 1392 incertum
875 1314 961 1393 filius
976 1350 1017 1392 an
1032 1329 1202 1410 alumnus?

148 1443 182 1496 et
198 1433 339 1510 vica,
342 1429 481 1509 ,ordinis
503 1439 539 1494 ut
559 1430 668 1511 fertur,
689 1431 939 1497 libertinorumss
970 1433 1067 1496 lam
1057 1455 1127 1519 ipsa
1147 1455 1201 1498 au·
1216 1425 1221 1432 ’

145 1545 209 1599 tem
237 1535 297 1598 bac
325 1481 538 1614 dubitatione,
566 1534 646 1600 nibil
672 1523 792 1602 certum
816 1535 857 1601 de
879 1546 996 1623 poetae
1016 1537 1200 1623 parentibus

145 1641 278 1704 vitarum
307 1638 515 1723 scriptoribus
542 1641 722 1704 constitisse
747 1643 948 1726 perspicitur.
993 1641 1032 1706 ld
1053 1663 1132 1708 vero
1153 1645 1200 1708 in·
1267 1695 1272 1706 .

145 1747 339 1829 eptissimum
362 1751 395 1806 et
416 1743 485 1806 sine
507 1741 608 1808 dubio
628 1759 649 1807 a
671 1747 756 1808 vitae
779 1753 909 1809 auctore
931 1744 1040 1810 fictum
1063 1757 1125 1824 est,
1152 1745 1200 1810 lo·

145 1847 303 1932 cupietem
327 1846 423 1908 fuisse
446 1845 636 1924 Iuvenalem,
660 1867 754 1930 quum
776 1849 809 1908 in
825 1849 934 1929 quavis
952 1851 1057 1926 satira,
1078 1850 1203 1914 etiamsi

145 1948 186 2013 de
208 1948 278 2012 aliis
301 1947 482 2014 bominibus
504 1948 748 2034 loqui-ridetur,
771 1958 880 2033 aperte
902 1947 1093 2018 mediocrem
1114 1954 1201 2016 ritae

143 2073 221 2118 suae
236 2051 459 2116 condicionem
475 2051 592 2138 prodat
605 2055 772 2139 ipsumque
788 2075 824 2118 se
846 2057 930 2116 inter
951 2076 1108 2141 pauperes
1129 2055 1200 2120 ubi-

144 2177 206 2241 que
227 2165 382 2233 numeret,
402 2155 517 2240 quibus
534 2167 668 2240 propter
684 2157 815 2220 divitum
830 2159 992 2220 auaritiam
1007 2157 1200 2242 snperbiam-

144 2264 207 2344 q'ue
228 2256 347 2323 multae
367 2255 554 2321 tolerandae
573 2259 640 2321 'sint
659 2261 847 2336 iniuriae1).
886 2256 991 2340 Quam
1009 2258 1053 2322 ob
1072 2279 1197 2324 eausam

143 2362 286 2445 suspicio
305 2359 382 2423 mibi
403 2359 771 2425 nascitnrconsideranti
795 2363 902 2424 miram
918 2359 1084 2428 levitatem
1101 2373 1199 2429 tenre-

142 2467 339 2549 ritatcmqne,
362 2485 423 2549 qun
446 2483 558 2528 omnes
579 2467 776 2553 compositae
797 2474 872 2529 sunt
885 2468 979 2545 ritae,
999 2465 1127 2532 fluxisse
1141 2468 1198 2534 bas

142 2571 280 2654 ineptias
304 2591 341 2632 ex
363 2576 421 2633 sat.
438 2567 461 2632 Ι.
485 2591 514 2633 v.
532 2569 621 2634 loo:
653 2588 747 2648 „nam
769 2578 885 2634 vexant
906 2569 1003 2636 limen
1019 2570 1198 2649 (divitum)

143 2682 199 2750 „et
213 2674 275 2757 ipsi
290 2671 474 2736 Nobiscum.
506 2673 561 2736 Da
583 2678 734 2756 praetori,
755 2673 796 2735 da
820 2673 936 2736 deinde
957 2673 1097 2744 tribuno.
1130 2673 1197 2736 Sed

143 2773 388 2852 „libertinus
411 2775 501 2856 prior
520 2782 586 2848 est,
605 2777 711 2856 prior,
728 2775 850 2854 inquit,
872 2792 948 2858 ego
971 2772 1141 2851 adsum,“
1162 2785 1199 2838 et

142 2874 242 2962 paulo
273 2885 361 2960 posu
396 2894 492 2962 „ego
523 2873 682 2959 possideo*
705 2873 777 2962 pius
807 2872 951 2942 Pallante
981 2886 1013 2942 et·
1038 2877 1195 2955 Licinum
1226 2871 1228 2878 ’

143 3001 224 3064 qnae
241 3001 258 3042 a
275 2979 471 3044 conmenta
487 2982 669 3044 narratione
691 2991 835 3064 separata
858 3003 970 3066 parum
991 2981 1196 3066 diligentibus
1235 3053 1237 3057 ,

142 3081 278 3144 librariis
289 3079 383 3141 facile
391 3083 522 3144 huiusce
535 3085 704 3143 commenti
716 3101 824 3142 ansam
835 3083 989 3162 praebere
1001 3091 1184 3164 pomerum.

232 3180 297 3240 lam
311 3187 391 3241 ‘vero
414 3182 588 3243 accuratius
613 3190 644 3242 et
667 3178 812 3242 subtilius
828 3184 888 3242 erit
909 3180 1196 3262 inquirendumnt

145 3303 163 3345 e
186 3281 409 3358 narrationum,
432 3291 512 3364 quae
535 3283 716 3365 sequnntur,
743 3279 913 3366 complexu
932 3280 1125 3368 singularum
1146 3305 1196 3348 re·

143 3407 212 3449 rum
227 3382 559 3472 fontemdetcgamns.
593 3386 705 3473 Pergit
718 3387 803 3463 enim
817 3387 884 3450 vit
896 3385 919 3448 1.
949 3384 1097 3464 „name
1119 3411 1196 3474 pau·

142 3509 269 3569 „corum
285 3491 440 3555 versatam
454 3492 549 3553 satira
572 3507 639 3554 non
659 3489 797 3554 absurde
813 3491 988 3577 composita
1003 3492 1036 3554 in
1051 3490 1195 3554 Paridem
1255 3522 1257 3528 v

142 3593 385 3678 „Pfflwmimum
407 3602 597 3679 postemque
615 3592 750 3661 'Claudii
772 3593 927 3672 Neronis,
949 3595 1195 3658 eiusscmestri-

214 3869 247 3934 l)
272 3867 334 3940 Qua
353 3867 434 3924 dere
452 3871 485 3924 ei.
505 3869 587 3926 sati
606 3890 631 3927 v
643 3873 686 3927 36.
700 3875 743 3927 74.
763 3871 902 3949 „probitas
920 3867 1043 3926 laudatur
1061 3880 1088 3926 et
1106 3870 1193 3946 alget“

141 3971 167 4007 v
180 3956 241 4018 133,
258 3971 404 4030 omnesque
422 3954 554 4030 querelas,
574 3975 641 4032 quas
656 3967 708 4014 sat.
722 3957 765 4014 111
784 3957 835 4014 sub
849 3955 989 4012 Umbricii
986 3973 1114 4032 persona
1131 3975 1193 4033 pros

140 4036 195 4092 fert
214 4039 382 4116 maximeque
402 4040 510 4097 iudea
518 4041 552 4097 'rr
570 4047 644 4100 tna
654 4043 705 4100 stt
720 4041 752 4100 V.
771 4041 843 4120 plur
859 4042 911 4100 boc
929 4049 981 4097 aut
993 4041 1052 4100 VII
1070 4045 1113 4101 63.
1133 4061 1192 4119 sqq.

142 4125 200 4179 1⁵5.
220 4143 280 4199 sqq.
298 4128 357 4181 194.
377 4136 428 4184 etc.
448 4137 498 4184 ete.
649 4140 651 4148 ’

861 4184 864 4194 .
940 4216 994 4280 5*
