2980 4700
1195 353 1283 426 83θ

276 535 378 601 Multa
394 544 557 622 praeterea
574 534 636 598 huc
651 533 886 599 adnumeranda
903 545 985 611 sunt,
1007 555 1088 618 quse
1108 533 1148 598 de
1172 557 1241 600 sen-

187 641 353 705 tentiarum
376 641 584 724 perversitate
606 646 700 702 antea
722 640 783 700 iam
806 635 948 714 disserui,
970 636 1076 714 muita,
1099 659 1178 723 quae
1196 641 1241 702 in·
1306 641 1307 644 ’

187 754 269 808 tacta
291 742 402 827 reliqui
427 753 460 804 ct
480 739 602 803 leviora
626 749 659 802 et
679 738 828 813 facillime
848 740 953 817 obvia,
975 741 1002 802 si
1025 742 1102 825 quis,
1126 741 1242 807 exhibi-

185 849 225 911 tis
241 867 259 908 a
274 867 324 910 me
339 842 483 906 versibus
499 839 641 906 nondum
656 852 835 920 contentus,
857 863 972 928 magna
992 842 1117 908 demum
1141 865 1240 909 exem
1343 873 1353 895 ι

184 949 312 1035 plorum
335 949 427 1030 copia
451 944 653 1030 comprobari
675 955 773 1030 putat,
797 945 884 1031 quod
906 945 1006 1012 tribus
1029 957 1084 1012 aut
1105 958 1242 1033 quatuor

187 1073 225 1116 ex
246 1050 303 1116 illo
327 1071 447 1137 genere
469 1049 550 1112 locis
570 1047 647 1126 luce¹
666 1047 780 1118 clarius
794 1059 944 1136 apparet.

273 1152 368 1238 Quae
393 1162 561 1239 postquam
584 1150 625 1216 de
647 1149 781 1238 singuiis
803 1155 969 1218 sententiis
991 1157 1115 1232 monui,
1144 1170 1241 1240 super

185 1266 241 1333 est,
263 1266 299 1320 ut
320 1259 418 1320 totius
441 1257 585 1320 carminis
609 1253 779 1320 dictionem
803 1258 978 1320 accuratius
1001 1256 1098 1341 paulo
1118 1260 1240 1323 intuea-

186 1381 268 1437 mur,
297 1381 335 1424 ex
364 1381 426 1445 qua
454 1381 522 1424 uon
551 1361 666 1436 minus,
698 1379 790 1442 quem
819 1377 857 1424 ex
881 1355 950 1422 iilis
966 1358 1148 1424 iuvenalem
1171 1380 1240 1426 non

186 1483 256 1526 esse
270 1462 363 1526 huius
378 1465 492 1527 satirae
509 1472 678 1536 auctorem,
700 1459 915 1548 colligendum
933 1464 999 1526 erit.
1034 1463 1141 1526 Omne
1157 1466 1241 1528 enim

185 1564 312 1630 dicendi
333 1586 435 1652 genus
457 1575 520 1630 tam
543 1564 639 1630 latum
664 1573 759 1647 atque
787 1564 921 1630 effusum
947 1574 1002 1642 est,
1031 1574 1075 1644 ut,
1097 1569 1239 1654 quamvis

184 1669 403 1732 vehementem
419 1669 567 1734 affectum
582 1689 659 1754 prae
675 1689 710 1732 se
727 1665 816 1746 ferat,
839 1677 943 1733 tamen
964 1667 1151 1754 plerumque
1173 1669 1240 1734 lan·

185 1783 317 1859 guescat
339 1782 371 1836 et
392 1771 546 1837 lectorum
569 1775 691 1836 animos
714 1771 840 1857 fatiget,
870 1771 956 1856 quod
987 1794 1025 1836 ex
1053 1774 1149 1836 nimia
1175 1795 1239 1836 ma-

184 1879 265 1940 xime
289 1885 321 1939 et
341 1862 513 1938 verborum
537 1885 569 1938 et
594 1876 819 1944 sententiarum
849 1878 1093 1938 coacervatione
1123 1876 1237 1940 factum

186 1988 243 2042 est.
289 1978 341 2042 De
364 1981 529 2042 sententiis
552 1980 595 2041 ita
615 1975 820 2040 accumulatis
843 1998 939 2042 unum
953 1977 1068 2044 iocum
1094 2000 1155 2063 pru
1184 1999 1239 2065 ge·

184 2101 262 2145 nere
285 2080 418 2147 exhibeo
441 2105 492 2144 vv.
510 2081 720 2146 itt-164:

292 2253 406 2299 tensum
425 2263 442 2298 s
459 2248 575 2299 coelesti
593 2245 739 2300 demissum
755 2248 886 2298 traximus
905 2260 979 2313 aree,

292 2333 377 2384 Gutus
396 2338 478 2396 egent
496 2346 581 2394 prone
599 2337 627 2384 et
645 2337 743 2401 terram
762 2331 923 2394 spectantia.
959 2331 1052 2383 Mundi

289 2417 427 2481 Principio
446 2414 557 2468 indulsit
574 2417 723 2470 communis
740 2417 864 2468 conditor
881 2416 937 2468 illis

290 2507 405 2556 dentum
424 2505 541 2570 animas,
561 2505 639 2558 nobis
657 2507 774 2558 aninum
792 2515 913 2570 quoqne,
932 2509 1041 2556 mutuus
1059 2507 1090 2554 ut
1108 2515 1158 2555 nos

186 2589 255 2654 lto)
290 2593 415 2644 Affectus
432 2596 528 2654 petere
546 2592 674 2644 auxilium
693 2595 720 2643 et
737 2593 880 2654 proestare
897 2590 1013 2658 iuberet,

289 2678 435 2740 Dispersus
453 2681 560 2728 trahere
578 2678 606 2729 in
625 2679 766 2741 populum,
784 2676 930 2740 migrare
949 2680 1087 2726 vetusto

289 2763 335 2812 De
354 2775 487 2810 nemore
506 2765 539 2810 et
557 2760 694 2821 proavls
712 2759 883 2810 habitatos
901 2759 1056 2821 linquere
1074 2757 1199 2823 silvas3

289 2839 439 2895 Aedificare
455 2825 565 2909 domos,
584 2841 699 2892 Laribus
717 2842 885 2906 coniungere
902 2843 1004 2895 nostris

291 2931 403 2980 Tectum
423 2929 509 2995 aliud,
529 2933 603 2980 tutos
620 2927 710 2978 vicino
728 2928 820 2978 limine
839 2941 949 2980 somnos

185 3012 253 3081 155)
290 3018 327 3068 Ut
343 3016 444 3066 coitate
462 3018 540 3066 daret
557 3011 669 3077 fiducia3
693 3018 839 3077 protegere
857 3015 940 3066 ermis

288 3105 406 3163 Ιιιιιιειιιιι
425 3105 473 3150 eut
490 3099 594 3164 ingenti
614 3102 754 3150 nutantem
771 3099 886 3149 volnere
903 3100 1001 3166 civem,

290 3185 430 3236 cummuni
449 3187 514 3234 dare
532 3184 612 3248 signa
630 3185 706 3248 tube,
726 3183 865 3237 defendier
882 3184 968 3234 isdem

290 3270 420 3321 Turribus
439 3275 519 3333 atque
536 3283 590 3320 uua
609 3272 747 3330 portarum
766 3271 844 3320 clave
863 3268 960 3319 teneri.

184 3417 249 3484 Sed
271 3418 358 3495 haee,
381 3418 521 3500 quamvis
537 3413 719 3482 iuvenalem
734 3436 801 3480 uon
816 3436 937 3500 sapere,
959 3433 1054 3480 nemo
1071 3416 1137 3492 erit,
1160 3418 1235 3500 quin

184 3519 348 3598 concedat,
369 3519 453 3596 ¹levis
471 3529 552 3595 sunt,
575 3522 603 3582 si
617 3521 779 3602 sequentia
794 3528 927 3604 spectas,
949 3523 982 3584 in
1001 3516 1117 3603 quibus
1134 3526 1260 3585 totum'

184 3623 251 3686 iere
273 3623 442 3688 bestiarum
458 3623 610 3684 vivarium
634 3621 728 3699 uobis
749 3622 898 3708 producit
918 3630 1025 3708 poeta,
1046 3631 1236 3705 serpentum,

161 3725 328 3816 ''leonum,
352 3747 514 3812 aprorum,
536 3724 683 3812 tigridum
707 3725 899 3804 Indicarum,
922 3744 1081 3790 ursorum:
1169 3773 1171 3778 .

290 3895 344 3948 Sed
362 3895 416 3947 ism
434 3900 588 3958 serpentum
608 3895 693 3944 maior
711 3895 870 3946 concordia:
894 3891 983 3955 parcit

187 3977 254 4044 lto)
291 3983 423 4048 cognatis
440 3981 555 4033 maculis
573 3981 669 4031 similis
686 3981 754 4032 tera.
791 3980 903 4040 Quando
922 3977 996 4028 leoni

290 4069 400 4117 Fortior
418 4069 517 4131 eripuit
534 4068 615 4119 vitam
638 4060 702 4116 leni
734 4069 797 4126 ¹Quo
815 4077 926 4116 nemore
944 4075 1066 4126 remquam

290 4152 446 4216 Exspiravit
464 4167 529 4215 aper
546 4153 658 4206 maioris
676 4144 895 4214 aesinus-spru

986 4229 1037 4295 6*
