2980 4700
275 361 325 431 62

276 545 386 608 Primis
416 547 531 608 satirae
553 543 710 621 versibus,
741 553 776 607 ut
801 543 927 608 foedam
953 543 1037 608 illam
1063 547 1331 612 narratiunculam

275 646 457 713 introducat
479 656 585 733 poeta,
609 646 649 711 de
672 651 891 735 superstitiosa
917 649 1147 736 Aegyptiorum
1169 649 1331 738 religione

276 751 409 830 disserit,
432 752 557 829 bestias,
578 754 692 836 pisces,
714 751 838 837 plantas
852 756 1078 830 venerantium,
1098 753 1214 838 quibus
1233 775 1329 838 quum

274 855 364 919 nefas
387 857 428 918 sit
449 877 580 939 porrum
604 877 641 918 ac
663 875 761 938 caepe
784 855 920 933 violare,
947 877 1041 940 quum
1065 856 1241 920 abstineant
1264 864 1329 920 ani-

274 957 416 1036 malibus,
439 967 543 1022 tameu
566 946 703 1020 humana
724 977 819 1019 carne
834 963 921 1021 vesci
943 959 1047 1022 liceat.
1082 960 1174 1024 Talia
1189 960 1328 1024 miranda

274 1060 400 1148 quidem
428 1081 511 1134 esse3
538 1061 616 1122 mira
638 1067 732 1143 atque
755 1057 868 1122 similia
890 1059 1015 1123 Ulixem
1040 1083 1168 1148 quoque
1192 1064 1330 1128 Alcinoo

273 1163 531 1247 Phaeacibusque
546 1181 700 1240 narrasse,
723 1160 779 1226 sed
802 1183 870 1227 nou
894 1162 999 1250 digua,
1022 1165 1135 1248 quibus
1157 1165 1256 1230 fidem
1279 1169 1333 1230 ha-

272 1267 416 1339 beamus;
439 1266 503 1329 hoc
525 1275 629 1329 autem
651 1269 790 1329 carmine
812 1267 924 1332 referri
939 1289 1014 1331 vera
1034 1278 1066 1333 et
1082 1290 1186 1354 nuper
1204 1269 1330 1334 demum

272 1380 372 1460 gesta.
417 1369 489 1455 lpsa
518 1368 635 1434 deinde
663 1373 805 1454 sequitur
832 1371 944 1458 flagitii
972 1371 1024 1434 illa
1052 1377 1205 1451 narratio,
1236 1397 1329 1456 quam

274 1473 345 1540 talis
367 1473 434 1537 fere
457 1475 658 1537 ratiocinatio
681 1476 808 1557 excipit:
834 1482 976 1542 naturam
1000 1473 1124 1556 quidem
1148 1478 1251 1538 mitem
1274 1479 1328 1537 tri-

273 1579 381 1660 buisse
403 1578 583 1642 hominibus
606 1579 756 1654 animum,
779 1572 904 1638 dedisse
927 1575 1069 1638 lacrimas
1092 1579 1125 1639 in
1149 1577 1326 1641 alienorum

273 1681 517 1760 calamitatibuS,
547 1680 672 1744 dedisse
701 1683 863 1768 ingenium
891 1702 989 1766 capax
1013 1701 1117 1743 rerum
1144 1677 1328 1757 divinarum,

274 1787 394 1864 artium,
418 1788 542 1863 amoris,
566 1786 619 1870 qui
636 1786 809 1872 coniungat
825 1805 882 1849 eos
901 1783 941 1848 ad
963 1787 1155 1862 societatem,
1178 1783 1218 1848 ad
1239 1784 1330 1846 fami·-

272 1889 346 1953 liam
372 1888 421 1966 ‚ad
446 1891 618 1964 civitatem
642 1909 828 1975 segregasse
851 1909 911 1950 nos
933 1887 981 1950 his
1004 1887 1207 1951 facultatibus
1231 1911 1248 1949 a
1273 1887 1332 1950 be-

272 1995 354 2066 stiis3
383 1995 443 2054 iarn
467 2013 545 2054 vero
569 1992 710 2055 auditum
734 2013 804 2054 esse
828 1990 868 2053 de
894 1989 1038 2075 populis,
1067 1993 1120 2075 qui
1150 1988 1329 2054 crudeliore

271 2097 326 2173 ira,
349 2115 440 2179 quam
463 2093 546 2168 illae,
568 2095 604 2156 in
624 2095 788 2176 proprium
811 2096 972 2155 saevirent
993 2115 1104 2179 genus,

361 2195 426 2262 Sed
449 2217 603 2282 quaenam
625 2195 706 2259 haec
728 2197 822 2258 satira
847 2198 912 2259 est?
945 2195 1022 2280 Quo
1038 2195 1175 2274 tandem,
1198 2217 1331 2280 quaeso,

272 2312 396 2388 spectat
409 2304 508 2366 totius
525 2301 668 2364 carminis
684 2303 922 2386 argumentum?
957 2300 1050 2363 Anne
1073 2300 1256 2384 simpliciter
1277 2311 1329 2363 res

271 2413 377 2490 gestas
393 2407 565 2485 scripturus
582 2413 649 2468 erat
662 2407 779 2487 pocta?
811 2402 893 2486 Quis
909 2413 964 2481 est,
988 2407 1063 2489 quin
1085 2407 1211 2480 sentiat,
1232 2424 1329 2486 quan-

271 2514 384 2588 topere
407 2501 481 2564 talia
505 2504 697 2566 aluvenalis
720 2515 826 2567 mente
849 2515 943 2588 atque
967 2506 1102 2570 consilio
1127 2507 1328 2584 abhorreant,

272 2628 367 2693 quum
389 2603 480 2668 nullo
502 2603 619 2683 verbo,
647 2603 735 2668 nulla
758 2608 916 2669 sententia
938 2607 972 2670 id
995 2619 1122 2695 agatur,
1152 2608 1240 2694 quod
1262 2609 1329 2674 ubi-

271 2733 334 2798 que
357 2713 460 2797 egisse
484 2729 555 2771 eum
576 2706 737 2787 videmus,
765 2717 800 2772 ut
823 2711 937 2775 civium
960 2723 1069 2799 carpat
1090 2715 1165 2775 vitia
1191 2716 1327 2798 pravita-

272 2817 402 2901 tesque?
448 2811 536 2898 Quid
565 2813 646 2876 enim
676 2811 834 2876 curabunt
855 2817 923 2878 ausi
944 2816 1008 2881 boc
1030 2818 1152 2881 facinus
1175 2819 1328 2902 Aegyptii

271 2917 455 2984 Iuvenalem
477 2918 601 2980 Romae
624 2914 767 2979 versibus
792 2937 848 2978 eos
870 2923 1154 3005 perstringentem?
1198 2920 1249 2979 An
1279 2923 1327 3001 ip-

271 3043 325 3087 sos
341 3021 506 3085 Romanos
529 3017 700 3082 admonere
723 3017 783 3080 sibi
804 3022 982 3101 proposuit,
1005 3041 1047 3082 ne
1069 3016 1169 3080 simile
1185 3022 1327 3080 commit-

271 3135 376 3192 terent
396 3125 569 3213 flagitium?
613 3123 756 3208 Ineptam
780 3119 858 3185 dicis
881 3119 974 3186 talem
998 3121 1255 3197 admonitionem,
1282 3131 1327 3184 ta-

271 3251 345 3296 men
360 3229 507 3316 prolecto
531 3249 599 3292 non
620 3225 721 3292 multo
744 3224 855 3291 melius
877 3235 934 3303 est,
957 3225 1044 3311 quod
1067 3224 1107 3289 de
1129 3223 1266 3290 consilio
1290 3247 1328 3288 ac

271 3337 397 3396 ratione
419 3333 512 3395 huius
535 3333 680 3394 carminis
704 3331 827 3415 opinati
849 3339 924 3394 sunt
940 3331 1001 3394 viri
1017 3328 1144 3415 quidam
1163 3328 1258 3406 docti,
1281 3331 1328 3392 iu·
1426 3371 1431 3380 s

272 3443 322 3500 ter
343 3453 425 3518 quos
447 3435 622 3517 Rupertius
644 3442 773 3517 poetam
797 3453 864 3496 uon
888 3453 928 3496 eo
952 3443 1112 3517 spectasse
1133 3441 1238 3518 putat,
1267 3442 1327 3510 „ut

270 3537 481 3626 „religionem
498 3536 567 3610 ¹vel
602 3537 860 3621 superstitionem
888 3534 1123 3622 Aegyptiorum
1159 3533 1328 3612 derideret,

271 3641 351 3722 „sed
374 3652 409 3707 ut
431 3642 548 3730 insigni
571 3636 756 3704 ostenderet
778 3638 933 3724 exemplo,
957 3638 1139 3703 diversitate
1161 3636 1327 3724 religionis

272 3747 386 3826 „huius
412 3745 525 3833 populi
547 3741 736 3830 inexpiabile
759 3763 997 3827 nonnumquam
1020 3741 1128 3809 odium
1152 3752 1183 3807 et
1205 3741 1326 3806 inaudi-

272 3861 358 3928 „tam
380 3851 638 3915 inhumanitatem
660 3849 782 3936 gigni.“

360 3954 560 4018 Heinricbius
584 3963 695 4018 contra
718 3960 801 4014 tecte
824 3959 918 4035 atque
941 3949 1072 4033 oblique
1093 3949 1325 4032 Acgyptiorum

272 4052 391 4119 cultum
412 4059 512 4143 magis
534 4058 568 4118 iu
591 4055 659 4122 dies
681 4056 805 4118 Romae
827 4057 1019 4136 irrepentem
1041 4049 1197 4136 sedesque
1225 4049 1326 4138 figen-

272 4165 335 4220 tem
365 4161 450 4241 carpi
479 4167 595 4221 censet.
642 4155 742 4242 Quod
769 4159 796 4221 si
823 4161 995 4219 statuamus
1017 4171 1127 4218 ¹verum
1155 4175 1239 4232 esse,
1269 4152 1325 4218 sed
