2980 4700
177 322 312 427 Iso

263 504 421 571 luxuriari
433 515 555 594 pergat.
590 507 655 569 lam
670 525 758 581 vero,
782 527 876 589 quum
893 502 1066 569 creditores
1088 527 1216 591 semper
1232 508 1321 586 elusi,

263 607 389 672 tandem
412 619 551 674 mutuam
575 607 652 673 dare
675 611 841 694 pecuniam
863 620 1023 687 recusent,
1053 609 1174 674 nullum
1204 615 1320 675 exitum

262 710 350 775 videt
379 713 489 793 alium,
520 734 613 797 quam
642 722 678 776 ut
706 711 839 776 lanistae
869 733 903 775 se
925 711 1044 776 vendat
1069 723 1162 798 atque
1188 737 1320 800 operam

264 813 319 880 det
341 838 465 893 arenae,

405 933 467 983 Non
484 932 602 993 cogente
620 929 740 994 uiridem,
759 931 807 978 sed
827 941 878 978 nec
897 930 1056 991 prohibente
1074 932 1189 1000 tribuno,

265 1021 298 1084 id
323 1033 384 1098 est,
412 1019 555 1085 nondum
579 1017 704 1102 quidem
729 1028 894 1083 accusatus
918 1040 934 1081 a
958 1019 1117 1084 creditore
1144 1033 1176 1084 et
1203 1021 1323 1086 tribuni
1424 1047 1427 1052 ·

266 1126 452 1208 cognitione
482 1131 625 1197 coactus,
655 1131 690 1186 ut
716 1125 808 1185 sein
831 1126 1016 1187 servitutem
1037 1123 1170 1200 vendat;
1200 1124 1256 1189 sed
1281 1147 1322 1190 eo

264 1229 325 1288 iam
347 1225 504 1304 redactus,
529 1235 565 1289 ut
586 1247 698 1310 parum
721 1225 812 1304 absit,
835 1229 910 1311 quin
934 1236 1099 1291 accusetur
1121 1237 1215 1313 atque
1237 1231 1280 1292 ita
1303 1251 1323 1292 a

265 1328 394 1394 tribuno
418 1328 592 1394 damnetur.
638 1329 675 1392 ld
698 1327 839 1392 ultimum
862 1332 959 1415 igitur
980 1329 1088 1414 lepide
1112 1330 1227 1394 dicitur
1246 1331 1325 1408 „sed

265 1455 344 1512 „nec
366 1432 557 1518 prohibente
580 1431 736 1507 tribuno,“
749 1433 866 1494 usitato
890 1431 932 1494 de
953 1431 1151 1495 tribunorum
1172 1435 1323 1495 interces-

267 1539 358 1600 sione
380 1533 495 1610 verbo‚
526 1543 561 1596 nt
589 1535 666 1597 scite
696 1531 916 1597 animadvertit
937 1535 1148 1598 Heinrichins.
1193 1536 1322 1598 Revera

267 1641 349 1702 enirn
372 1637 518 1702 tribunus
541 1636 713 1722 prohibere
735 1657 802 1700 non
824 1646 940 1722 potest,
964 1639 1131 1722 quominus
1154 1659 1188 1702 se
1203 1636 1325 1702 vendat

265 1740 409 1816 Rutilus3
439 1762 513 1805 nam
541 1761 623 1826 quae
650 1739 837 1804 scholiastes
863 1738 991 1825 quidam
1018 1740 1197 1817 adnotavit,
1225 1745 1324 1826 „quia

267 1843 441 1924 „custodes
465 1855 555 1910 erant
576 1842 757 1920 libertatis,“
778 1845 885 1906 inania
908 1853 990 1908 sunt.

717 2031 894 2038 .--m—...„-

628 2293 843 2369 SATIRA
874 2293 963 2367 XII.

356 2475 458 2536 Poeta
481 2479 614 2557 propter
635 2467 760 2530 felicem
784 2470 874 2528 amici
896 2469 1041 2546 reditum,
1069 2465 1126 2554 qni
1145 2476 1326 2537 saevissima

266 2585 454 2662 tempestate
484 2573 518 2639 in
542 2574 656 2636 itinere
680 2568 893 2646 conflictatus,
922 2569 1092 2634 incolumis
1116 2594 1153 2635 ex
1176 2576 1324 2638 omnibus

200 2673 202 2680 '
266 2683 359 2743 maris
375 2677 525 2766 periculis
542 2683 692 2750 evaserat,
716 2670 756 2735 ad
770 2670 884 2735 festum
900 2670 1126 2738 celebrandum
1144 2673 1234 2752 diem,
1257 2697 1324 2759 quo

265 2783 314 2846 dis
337 2793 413 2846 vota
440 2781 595 2857 solveret,
622 2777 799 2843 Corvinum
821 2778 935 2840 invitat
955 2778 1119 2864 ipsamque
1140 2777 1226 2842 illam
1247 2787 1327 2842 tem-

265 2892 419 2968 pestatem
442 2883 491 2943 bis
513 2880 620 2942 verbis
642 2878 805 2940 describit:

285 3013 338 3090 30)
376 3025 462 3086 Quum
481 3023 578 3085 plenus
595 3017 680 3070 fluctu
697 3018 800 3068 medius
817 3019 890 3069 soret
908 3021 1004 3070 alveus
1023 3024 1051 3070 et
1068 3021 1131 3088 ian,

375 3111 516 3160 Alternum
534 3106 631 3171 puppis
648 3107 721 3156 latus
739 3104 924 3156 evertentibus
943 3105 1032 3174 undis,

372 3195 486 3246 Arboris
503 3195 640 3260 incertae,
659 3194 760 3244 nuliam
777 3191 923 3254 prudentia
939 3191 1002 3241 cani

373 3281 502 3332 nestoris
520 3282 660 3332 conferret
678 3291 769 3343 opem:
794 3279 920 3332 decidere
937 3277 1013 3329 iaetu

373 3361 471 3424 coepit
489 3377 552 3414 oum
569 3366 675 3431 ventis,
694 3369 748 3434 eto.
768 3367 820 3416 eto.

356 3487 464 3572 Quae,
490 3487 577 3571 quod
600 3489 804 3555 vehementer
826 3488 964 3553 editores
987 3501 1154 3569 vexarunt,
1181 3513 1249 3558 non
1270 3499 1325 3558 mi-

265 3615 334 3657 rum
359 3601 414 3668 est,
438 3588 610 3656 dummodo
633 3613 684 3668 ne,
706 3594 769 3657 huo
786 3592 863 3657 illuc
877 3593 1066 3657 fluctuantes
1081 3592 1242 3682 foedeque
1257 3607 1325 3662 ten-

267 3694 340 3760 dem
354 3693 444 3778 lapsi,
466 3696 577 3759 nimias
599 3697 633 3757 in
653 3697 747 3758 unius
768 3694 834 3758 loci
856 3695 1065 3781 explicatione
1082 3711 1324 3763 coacervassent

266 3799 412 3882 ineptias.
457 3799 540 3863 Nam
565 3797 678 3863 delirat
699 3801 832 3883 primum
857 3800 1069 3879 Achaintrius,
1094 3806 1146 3888 qui
1169 3811 1323 3866 commate

266 3897 461 3966 intercidens
483 3912 559 3986 post
580 3906 686 3981 „iam“
703 3911 735 3966 et
756 3911 831 3986 post
853 3903 969 3982 „undis
977 3909 1000 3983 “,
1023 3902 1127 3968 deleta
1150 3911 1254 3969 autern
1276 3903 1321 3968 di-

266 4002 438 4065 stinctione
468 4014 543 4089 post
572 4007 765 4082 „incertae“,
794 4027 853 4089 per
875 4006 1045 4071 inauditam
1069 4005 1193 4092 ellipsin
1218 4007 1324 4072 verbis

267 4101 498 4168 succurendum
523 4127 593 4168 esse
614 4105 791 4187 arbitratur,
814 4112 856 4172 ita
872 4118 908 4172 ut
922 4109 1114 4174 cohaereant
1128 4130 1245 4194 „quum
1261 4131 1323 4175 me-
