2980 4700
247 233 276 360 8.

250 471 311 538 lios
327 489 526 562 cognoscere
539 464 716 554 possumus,
738 488 831 554 quam
847 465 994 556 legendis
1009 469 1142 532 satincis
1158 470 1226 532 eius
1241 487 1308 532 car-

250 574 405 640 minibus·
429 571 495 638 Sed
518 575 588 657 quia
612 571 654 636 ad
674 570 882 636 occultiorem
902 571 1086 658 plerumque
1102 569 1306 635 domesticam

251 681 346 743 vitam
375 684 534 762 spectant,
563 677 652 740 cuius
680 677 816 760 ineptias
841 685 897 740 aut
920 678 954 740 in
977 673 1147 740 ludibrium
1168 684 1306 754 vertunt,

251 785 306 846 aut
334 780 448 846 acerba
478 788 611 864 carpunt
632 782 882 864 vituperatione,
911 788 1057 844 accurata
1082 781 1144 842 iam
1166 781 1305 843 omnium

251 884 334 948 illius
357 881 475 969 populi
491 903 614 946 morum
630 890 724 965 atque
739 881 1006 947 consuetudinum
1023 883 1208 970 cognitione
1223 901 1306 967 opus

252 997 301 1051 est
323 984 365 1050 ad
380 983 598 1071 intellegenda
614 985 692 1047 haec
712 986 858 1046 carmina.
892 984 1045 1068 Itemque,
1065 1007 1161 1068 quum
1184 988 1217 1049 in
1238 988 1307 1070 ipsa

251 1092 366 1154 satirae
393 1097 506 1152 natura
531 1089 669 1173 positum
695 1088 750 1164 sit,
780 1095 815 1150 ut
836 1088 1020 1172 saepissime
1041 1089 1075 1150 in
1095 1086 1239 1174 singulas
1261 1091 1308 1152 in-

250 1192 383 1254 vehatur
410 1210 581 1276 personas,
610 1197 691 1275 quae
719 1191 882 1274 pravitatis
909 1187 1070 1254 cuiusdam
1093 1193 1183 1276 quasi
1206 1209 1308 1254 exem-

250 1293 305 1379 pla
320 1296 580 1380 perstringantur,
603 1315 698 1379 quum
722 1291 831 1356 oblata
854 1295 1095 1378 opportunitate
1116 1315 1160 1358 ne
1183 1315 1200 1356 a
1223 1296 1308 1378 prin·
1416 1302 1422 1315 “

250 1384 389 1483 cipibus'
402 1397 529 1482 quidem
557 1399 603 1459 rei
629 1395 778 1480 publicae
799 1398 876 1459 viris
899 1394 1070 1474 abstineat,
1098 1396 1154 1460 ubi
1175 1399 1308 1460 maxime

251 1498 388 1564 offendit
409 1498 495 1563 nuda
516 1501 642 1576 veritas,
667 1508 785 1584 poetae
807 1497 965 1563 velamine
986 1498 1124 1584 quodam
1146 1499 1229 1563 banc
1250 1521 1308 1562 nu-

251 1601 381 1667 ditatem
407 1600 601 1668 circumdare
626 1600 763 1680 student,
786 1600 873 1687 quod
894 1604 998 1687 primo
1020 1601 1146 1688 quidem
1166 1603 1307 1696 aspectui

252 1705 384 1794 obtegat
404 1704 491 1769 illam
513 1703 697 1782 nuditatem,
720 1727 793 1770 mox
816 1715 919 1770 autem
934 1728 1041 1770 veram
1063 1705 1195 1770 formam
1217 1707 1308 1790 quasi

185 1829 193 1843 ‘
250 1830 309 1894 per
336 1808 485 1874 nebulam
511 1808 808 1896 recognoscendum
831 1810 926 1874 nobis
948 1810 1102 1895 praebeat
1115 1811 1157 1891 ¹).
1203 1810 1308 1895 Quam

252 1911 296 1976 ob
314 1934 439 1978 causam
455 1915 509 1997 qui
529 1923 678 1998 tanquam
701 1912 828 1977 timidos
851 1917 1048 2000 ignavosque
1071 1914 1242 2000 obiurgare
1255 1934 1307 1976 ve

250 2013 288 2078 lit
303 2024 425 2098 poetas,
447 2013 585 2078 libenter
599 2018 636 2078 iis
653 2014 859 2091 condonabit,
880 2019 1106 2100 imperatorum
1125 2015 1209 2079 illius
1232 2023 1308 2077 tem-

250 2119 339 2203 pon's
362 2115 589 2210 crudelitatem,
613 2116 789 2183 delatorum
809 2121 990 2203 nequitiam,
1013 2120 1151 2182 omnium
1169 2117 1308 2201 denique

251 2220 414 2286 bominum
435 2219 629 2304 iracundiam
652 2232 813 2308 reputans.
859 2223 901 2286 At
923 2220 1007 2286 dicat
1029 2221 1164 2286 fortasse
1181 2220 1307 2320 pliquis,

251 2326 343 2388 nimis
366 2324 535 2410 providum
559 2336 747 2410 cautumque
768 2324 870 2391 videri
892 2325 1084 2404 Iuvenalem,
1110 2328 1230 2411 quippe
1253 2327 1309 2409 qui

251 2428 343 2490 vivos
359 2425 567 2512 aggrediendi
583 2425 751 2490 formidine
766 2447 801 2489 se
814 2430 948 2511 experiri
959 2427 1044 2491 velle
1056 2427 1151 2505 ilicet,
1165 2428 1203 2508 (l.
1218 2430 1308 2507 170.)

687 2545 750 2609 quid
768 2548 935 2597 concedetur
950 2547 980 2598 in
997 2548 1071 2614 illos,

279 2633 282 2637 ’
393 2635 513 2694 Quorum
531 2631 664 2684 Flaminia
681 2632 785 2696 tegitur
803 2631 873 2682 einis
891 2635 973 2697 atque
990 2633 1091 2685 Latina

250 2730 316 2798 Sed
333 2751 400 2796 non
418 2733 462 2795 ita
478 2741 535 2797 est.
569 2732 678 2810 Notat,
702 2741 736 2796 ut
759 2751 870 2794 omnes
893 2736 1024 2797 omuino
1047 2732 1210 2794 satirarum
1231 2732 1307 2798 scri-

250 2845 369 2921 ptores,
392 2854 520 2896 suorum
537 2838 861 2918 maximetemporum
877 2855 997 2909 mores;
1020 2837 1182 2921 pertinent
1203 2844 1307 2898 autem

251 2939 283 3000 bi
299 2957 408 2999 versus
431 2934 471 2997 ad
486 2937 626 2998 veritatis
648 2932 734 2998 illam
758 2934 1049 3013 dissimulationem,
1072 2935 1113 2998 de
1128 2957 1189 3020 qua
1207 2935 1306 3000 modo

252 3038 324 3104 dixi.
357 3038 542 3122 Interpretis
564 3047 622 3116 est,
643 3058 694 3100 res
717 3059 755 3101 ac
775 3057 930 3123 personas
953 3060 971 3102 a
993 3047 1091 3124 poeta
1106 3037 1230 3108 velatos
1254 3036 1308 3102 de-

251 3155 362 3231 tegere
384 3139 533 3226 nudeque
555 3161 757 3228 proponere;
786 3141 874 3228 quod
897 3145 925 3206 si
947 3163 1014 3206 non
1037 3144 1213 3227 assequitur
1234 3162 1308 3226 peo-

251 3256 309 3310 cat.
356 3241 420 3308 Sed
449 3249 576 3329 saepius
605 3245 673 3310 fere
701 3249 734 3310 in
762 3250 953 3311 contrarium
980 3267 1111 3332 prorsus
1133 3248 1194 3309 viri
1220 3243 1307 3309 docti

249 3345 430 3412 inciderunt
444 3367 590 3424 errorem,
614 3357 649 3411 ut
663 3347 721 3411 sub
737 3353 855 3434 apertis
869 3349 976 3413 verbis
998 3349 1148 3412 latentem
1172 3347 1307 3431 aliquem

249 3450 498 3538 suspicarentur,
522 3447 562 3512 de
586 3470 649 3536 quo
673 3471 714 3514 ne
737 3453 888 3540 cogitavit
909 3448 1035 3536 quidem
1058 3459 1169 3535 poeta;
1199 3453 1306 3535 itaque

251 3557 366 3620 lactum
396 3561 459 3630 est,
487 3561 522 3616 ut
551 3554 584 3615 in
606 3553 707 3618 Persii
729 3557 832 3619 satiris
857 3576 967 3620 omnes
990 3553 1066 3618 inde
1088 3576 1107 3616 a
1129 3554 1307 3640 scholiastis

250 3662 441 3743 interpretes
463 3656 603 3720 Neronis
626 3659 758 3721 maxime
780 3680 949 3745 personam
971 3662 1004 3723 in
1026 3657 1125 3722 verba
1153 3680 1307 3744 saepenu-
1385 3645 1389 3654 ’

250 3782 337 3827 mero
361 3758 532 3839 intulerint,
555 3760 669 3846 quibus
692 3761 770 3825 nibil
793 3765 877 3828 inest
897 3761 1066 3837 eiusmodi;
1089 3782 1193 3844 neque
1208 3781 1305 3844 parva

251 3920 448 3931 .-..-..--...--

323 4002 356 4067 Ι)
379 4001 434 4058 Ad.
447 4001 517 4058 idem
540 4004 596 4059 fero
615 4004 722 4062 dicendi
739 4025 824 4080 genus
843 4027 899 4062 eam
919 4024 1025 4081 quoqne
1042 4002 1207 4060 locutionem
1225 4002 1307 4060 adnu-

251 4085 402 4142 merandam
421 4107 482 4142 esse
500 4089 626 4157 arbitror,
645 4111 723 4165 φιοιη
742 4098 873 4165 εἰρωνείαν
891 4089 988 4147 Graeci
1005 4099 1110 4146 vocant.
