2980 4700
1185 319 1233 394 29

170 513 269 595 „quia
290 509 412 574 nullum
436 521 531 597 caput
552 511 670 574 habet“
686 513 803 595 (quum
826 534 886 576 nec
906 512 1087 577 libertatem
1109 505 1232 586 habeat,

171 634 234 677 nec
245 616 412 693 civitatem,
428 637 489 678 nec
504 637 567 678 rem
585 613 784 692 familiarem,
800 635 861 678 nec
875 615 1053 694 familiam).
1088 609 1231 696 Ideoque

172 739 266 781 causa
290 720 401 802 eapitis
424 720 491 780 sive
515 717 657 801 capitalis
683 737 776 779 causa
800 715 926 796 dicitur,
956 722 1073 801 inqua
1097 713 1138 778 de
1164 712 1228 777 illis

172 820 276 898 bonis,
299 820 427 896 devita,
445 817 539 881 exilio
555 821 575 880 i.
594 841 620 882 e.
641 840 742 903 aquae
759 828 790 882 et
811 822 893 906 ignis
916 819 1142 883 interdictione
1157 838 1231 904 age-

171 925 266 987 batur
290 922 329 984 cs.
353 921 441 985 Paul.
464 923 540 1008 Dig.
564 923 615 986 48.
642 924 670 985 l.
693 923 720 1006 ᾗ.
738 925 768 986 2.
792 922 964 1008 „capitalia
987 931 1074 1000 sunt,
1105 942 1142 984 ex
1165 922 1229 1004 qui-

173 1024 258 1103 „bus
281 1046 384 1109 poena
408 1046 492 1088 mors
515 1035 570 1089 ant
592 1024 717 1089 exilium
735 1036 790 1105 est,
814 1025 877 1091 hoc
899 1037 948 1092 est
970 1047 1071 1110 aquae
1095 1033 1126 1088 et
1148 1025 1231 1110 ignis

174 1127 394 1206 „interdicti03
425 1151 482 1213 per
507 1129 564 1190 has
588 1132 670 1191 enim
694 1151 816 1212 poenas
841 1133 985 1195 eximitur
1008 1139 1104 1215 caput
1127 1128 1167 1191 de
1191 1129 1232 1190 ci-

173 1235 317 1310 „vitate.⁴‘
351 1226 529 1294 01317311.
545 1233 584 1293 11.
607 1233 637 1309 2,
660 1233 712 1294 40.
737 1231 767 1295 d.
783 1233 874 1296 Orat.
898 1234 921 1296 1.
946 1236 999 1296 40.
1024 1234 1091 1310 lnv.
1114 1233 1154 1296 ll.
1177 1234 1231 1296 31.

173 1332 457 1412 „Lacedaemoniis
486 1331 537 1396 lex
568 1343 647 1411 erat,
678 1343 712 1397 ut
740 1335 860 1398 hostias
890 1337 951 1398 uisi
977 1333 1018 1396 ad
1045 1334 1233 1397 sacrificium

172 1435 355 1522 „quoddam
384 1436 569 1521 redemptor
597 1437 811 1522 praebuisset,
840 1438 975 1524 capitale
1006 1442 1118 1502 esset.“
1162 1435 1231 1502 Cic.

173 1539 215 1604 ad
238 1542 301 1604 Att.
317 1543 354 1606 X.
380 1544 422 1605 l.:
450 1541 545 1627 „Ego
570 1562 647 1606 vero
671 1541 802 1606 Solonis
832 1542 935 1630 legem
964 1541 1149 1630 neglegam,
1178 1544 1232 1626 qui

171 1648 299 1729 „capite
315 1647 424 1720 sanxit,
447 1646 542 1729 siqui
560 1647 593 1708 in
614 1645 772 1718 seditione
796 1667 863 1710 non
886 1647 1015 1711 alterius
1039 1649 1138 1710 utrius
1160 1667 1231 1730 par·

124 1787 126 1792 ·
172 1753 236 1826 „tis
259 1749 369 1813 luisset
383 1749 442 1826 ¹).“
472 1745 609 1812 Constat
632 1771 700 1813 cum
725 1750 872 1816 omnibus
895 1751 982 1814 hisce
1005 1754 1107 1814 causis
1129 1749 1233 1812 hono·

172 1873 240 1914 rum
263 1851 480 1914 venditionem
505 1853 704 1914 coniunctam
728 1853 840 1926 luisse3
863 1856 975 1936 capitis
1000 1855 1083 1914 enim
1107 1851 1233 1913 damna-

171 1962 277 2016 torum
299 1952 386 2042 bona
409 1951 619 2038 publicantur.
664 1955 741 2018 Eius
765 1964 869 2019 autem
893 1955 1053 2020 bonorum
1075 1953 1232 2018 venditio-

170 2058 220 2120 nis
244 2059 368 2142 signum
392 2055 476 2142 apud
500 2057 664 2120 Romanos
689 2057 777 2122 hasta
803 2069 885 2139 erat,
906 2062 941 2123 in
965 2057 1128 2134 omnibus,
1152 2078 1232 2142 quae

173 2157 215 2222 ad
236 2159 394 2224 bonorum
412 2159 631 2223 venditionem
646 2160 858 2242 pertinebant,
882 2165 1020 2246 negotiis
1035 2161 1164 2244 publice
1181 2181 1232 2222 err-

173 2265 278 2347 posita
302 2260 393 2339 (Cic.
418 2261 486 2324 Oli.
510 2261 549 2322 11.
573 2261 603 2322 8.
637 2260 717 2322 Phil.
741 2263 780 2326 11.
803 2264 855 2324 26.
878 2261 936 2324 IV.
959 2263 990 2324 4.
1028 2262 1111 2344 Nep.
1135 2261 1230 2324 Attic.

175 2366 206 2426 6.
231 2364 319 2426 Fest.
342 2362 401 2425 sub
424 2363 545 2441 hasta).
591 2361 641 2424 Ad
672 2361 803 2428 eandem
833 2362 992 2426 bonorum
1014 2363 1233 2428 venditionem

175 2488 292 2530 censeo
316 2465 582 2530 adnumerandam
606 2487 676 2530 csse
698 2467 817 2532 hastam
840 2469 873 2532 in
890 2465 1106 2533 conductione
1130 2478 1161 2532 et
1183 2467 1232 2532 lo-

176 2575 302 2635 catione
329 2591 497 2656 operarum
527 2593 544 2632 a
574 2573 757 2656 magistratu
790 2571 920 2656 publice
953 2575 1103 2657 positam,
1142 2574 1230 2634 cuius

171 2673 269 2739 multa
292 2684 365 2738 sunt
388 2673 529 2757 exempla
553 2673 592 2736 cl.
608 2673 736 2738 Colum.
752 2675 852 2757 praef.
871 2673 942 2737 libr.
959 2675 982 2736 l.
999 2673 1081 2736 med.
1100 2682 1131 2734 et
1153 2693 1231 2755 prae

174 2781 286 2841 ceteris
309 2779 377 2841 Liv.
393 2777 508 2838 XXIV.
534 2777 599 2837 le:
627 2774 752 2856 „Quum
776 2794 925 2838 censores
950 2775 992 2838 oh
1016 2775 1157 2858 inopiam
1181 2795 1232 2838 ae-

245 3027 269 3078 l.
292 3023 468 3078 Demonstrat
485 3022 537 3078 hoc
555 3023 712 3100 exemplum,
732 3025 824 3099 quanti
842 3027 878 3081 ait
895 3025 1033 3101 ponderis,
1046 3045 1137 3080 veram
1151 3023 1231 3078 huius

174 3110 251 3166 vocis
269 3118 361 3163 tenere
379 3109 608 3182 significationem,
627 3129 661 3162 ne
678 3111 707 3162 in
719 3111 806 3191 varias
826 3110 990 3164 incurramus
1006 3108 1179 3164 difficultates
1193 3127 1232 3162 er·

175 3211 313 3266 roresque,
331 3191 404 3265 quod
420 3191 575 3245 doctissimo
593 3191 645 3245 hoc
663 3191 725 3245 loco
744 3191 841 3246 accidit
853 3192 952 3246 llleiero
965 3192 1013 3261 (de
1025 3193 1087 3247 hou.
1101 3192 1231 3260 damnat.)

177 3279 232 3354 qui,
252 3295 332 3351 quum
344 3273 507 3329 Aristoteles
520 3274 578 3350 (ap.
593 3273 663 3330 Gell.
677 3275 708 3330 ll.
723 3277 783 3342 12.)
797 3275 887 3330 eadem
907 3275 953 3331 illa
966 3275 1076 3332 Solonis
1095 3275 1154 3352 lege
1173 3297 1231 3333 cau·

175 3373 233 3420 111111
255 3381 316 3416 esse
338 3369 441 3426 narret,
465 3368 530 3428 ‚‚ut‚
553 3362 599 3436 qui
621 3380 674 3414 non
697 3358 824 3416 alterutra
848 3359 1001 3439 parteseae
1019 3355 1183 3432 adiunxerit,
1207 3365 1231 3420 is

177 3450 285 3520 „domm
304 3449 389 3524 patria
407 3446 574 3522 fortunisque
593 3448 716 3503 omnibus
734 3459 837 3504 careret
857 3447 919 3505 exul
938 3453 1107 3527 extorrisque
1129 3453 1229 3517 esset,“

160 3533 338 3592 ‘Plutarchus
356 3542 444 3588 autem
463 3535 527 3599 (vit.
547 3531 604 3590 Sol.
622 3536 682 3602 20.)
702 3533 854 3610 perhibeat,
878 3535 984 3592 infamia
1008 3536 1082 3592 illum
1106 3537 1229 3612 punitum

177 3642 250 3690 esse,
273 3620 349 3676 nullo
367 3621 425 3674 iure
442 3617 614 3694 reprehendit
633 3618 805 3690 Ciceronem,
828 3633 962 3698 tamquam
984 3622 1050 3677 falsa
1068 3631 1227 3677 narrantem.

176 3708 287 3785 Optime
305 3716 392 3761 autem
411 3707 582 3760 consentiunt
600 3709 670 3762 inter
688 3728 719 3764 sc
736 3706 898 3764 Aristoteles
916 3718 945 3763 et
964 3706 1074 3774 Cicero,
1097 3708 1177 3764 modo
1196 3729 1230 3763 ne

175 3794 257 3850 verba
276 3792 417 3856 Ciceronis
435 3788 504 3844 falso
522 3791 735 3868 interpretemur.
772 3795 876 3850 Domus
896 3795 964 3846 enirn
982 3796 1084 3868 patriae
1103 3796 1230 3848 omnium·

176 3899 228 3950 que
248 3878 413 3934 fortunarum
434 3877 542 3932 amissio
561 3897 605 3932 res
624 3890 665 3934 est
684 3879 814 3958 capitalis.
850 3877 945 3950 Neque
963 3876 1100 3934 Plutarchi
1124 3889 1229 3934 senten·

176 3967 214 4018 tia
232 3965 298 4020 adeo
318 3986 332 4020 a
351 3965 448 4019 ceteris
467 3961 602 4030 abhorret,
621 3973 722 4020 utnon
741 3965 830 4041 possit
847 3961 925 4018 facile
944 3963 1076 4020 cumillis
1095 3966 1228 4040 coniungi,

176 4068 288 4124 namque
308 4052 393 4104 omnia
412 4049 482 4104 hona
500 4050 571 4117 eius,
596 4051 641 4125 qui
659 4052 771 4108 maxima
788 4045 914 4106 multatus
934 4060 976 4106 est
996 4049 1116 4120 infamia,
1140 4048 1228 4127 publi·

177 4142 279 4190 eantur.
315 4133 347 4190 cl.
366 4133 456 4189 ldeier.
469 4135 489 4190 1.
507 4138 534 4190 3.
552 4137 575 4206 §.
587 4139 630 4191 20.
