2980 4700
1162 320 1208 394 45

155 513 262 578 Notus
285 519 333 574 est
353 518 464 576 tonsor
484 511 615 576 Licinus
639 531 676 574 ex
698 509 829 572 Horas.
853 527 885 590 p.
909 529 938 570 v.
961 507 1035 573 sol.
1061 505 1125 590 qui,
1146 526 1209 590 qus

153 614 194 680 de
215 634 309 678 causa
327 635 344 676 a
359 613 510 679 iuvenale
523 614 589 678 hoc
603 613 680 678 loco
696 615 736 674 sit
751 618 1022 687 commemoratus,
1045 627 1111 674 non
1134 630 1208 695 pos-

152 739 221 783 sum
249 720 388 803 assequi,
416 719 602 801 pracsertim
632 735 726 799 quum
752 713 806 774 hic
828 732 954 796 quoquc
975 714 1118 789 Licinus,
1146 715 1209 779 nisi
1284 763 1293 784 .

51 820 53 830 '
151 820 234 886 idem
249 822 347 886 homo
366 829 421 896 est,
444 822 498 902 qui
514 838 612 901 saepe
627 825 783 900 tamquam
798 815 934 878 hominis
950 813 1094 878 ditissimi
1108 835 1209 880 exem-

129 924 238 1010 ‘plum
267 905 413 1007 ponitur,
443 931 475 984 et
505 909 674 984 admodum
704 917 793 982 dives
822 927 854 982 et
879 920 1010 1002 proprie
1033 939 1074 980 ne
1096 924 1210 982 tonsor

152 1026 280 1112 quidem
302 1025 398 1088 fuisse
413 1022 559 1091 videatur
582 1021 641 1101 (cf.
658 1021 766 1086 Madv.
789 1019 864 1084 diss.
888 1018 941 1086 alt.
965 1044 996 1106 p.
1012 1021 1097 1100 32).
1132 1019 1209 1106 Quo

151 1132 252 1216 magis
274 1132 379 1205 miror,
402 1125 490 1211 quod
505 1127 588 1211 Ang.
604 1126 673 1187 Mai
687 1124 836 1210 vulgatae
854 1128 1029 1209 scripturae
1045 1130 1209 1204 ,‚tantum“,

153 1237 290 1316 ineptae,
305 1241 342 1294 ut
355 1237 455 1312 putat,
469 1224 714 1318 praeferendum
729 1235 840 1288 censet
853 1225 934 1291 illud
949 1229 1095 1306 ,‚licini“,
1117 1251 1210 1313 quem

155 1337 257 1418 ipsum
279 1331 448 1398 Abhonem
471 1329 708 1395 Floriacensem
737 1329 908 1393 memoriae
930 1326 1024 1412 lapsu
1046 1338 1078 1391 et
1100 1331 1211 1404 confu-

154 1443 246 1501 sione
269 1434 404 1520 quadem
431 1455 468 1498 ex
489 1433 665 1496 Horatiana
692 1429 828 1516 epistula
857 1429 920 1496 huc
947 1433 1112 1499 intrusisse
1140 1415 1214 1519 per-⁵,

153 1560 278 1604 sussum
300 1538 413 1605 habeo.
1018 1556 1023 1562 ·

242 1642 307 1708 Sed
330 1652 475 1710 revertor
497 1641 537 1708 ad
560 1646 775 1730 propositum
799 1653 848 1710 cst
871 1646 953 1716 enim
976 1642 1145 1736 dicendum
1169 1642 1214 1718 ele¹

153 1768 204 1810 vv.
221 1747 287 1812 377
313 1756 345 1811 et
366 1749 447 1825 378,
477 1767 557 1833 quos
580 1749 796 1826 Heinrichius,
823 1747 1050 1834 praeeuntibus
1073 1748 1212 1825 hubino,

153 1849 329 1928 Farnabio‚
352 1849 521 1926 Bahrdtio‚
545 1849 629 1927 aliis,
651 1871 763 1933 parum
782 1859 870 1914 recte
891 1851 977 1916 hunc
998 1851 1068 1917 fere
1090 1852 1123 1912 in
1144 1869 1213 1914 mo-

155 1953 228 2017 dum
254 1951 435 2038 explicavit:
460 1951 598 2015 dormiat
620 1949 722 2036 spado
745 1949 809 2028 ille,
833 1954 887 2036 qui
903 1973 999 2037 supra
1015 1961 1082 2016 erat
1096 1949 1211 2016 descri-

152 2066 242 2141 ptus,
271 2079 342 2121 cum
366 2055 510 2134 domina,
539 2057 590 2120 cui
612 2075 730 2120 nocere
752 2075 820 2118 non
844 2064 967 2140 potest;
998 2077 1075 2120 cave
1098 2066 1211 2134 autem,

153 2180 194 2225 ne
215 2163 377 2224 Bromium
400 2170 489 2224 tuum
506 2163 662 2238 (servum,
683 2179 777 2241 quem
800 2157 840 2220 ab
861 2161 933 2242 ipso
951 2159 1106 2222 Postumo
1129 2180 1213 2220 ama-

154 2271 228 2328 tumx
242 2265 357 2348 putat)
380 2259 485 2322 tradas
514 2258 676 2334 eunucho,
706 2279 778 2320 nam
803 2258 842 2319 ab
866 2259 929 2322 hoc
951 2261 1055 2344 statim
1074 2262 1213 2334 immanis

155 2373 220 2428 tate
248 2364 340 2449 penis
371 2359 557 2426 diffindetur
580 2367 677 2445 atquc
700 2358 921 2445 disrumpetur.
968 2361 1086 2436 Obstat
1107 2373 1212 2442 autern

155 2465 230 2530 huic
250 2466 521 2550 interpretationi,
544 2462 630 2548 quod
655 2466 833 2550 oppositio,
857 2487 939 2551 quae
961 2476 1071 2552 aperte
1096 2478 1144 2534 est
1165 2471 1211 2534 in-

155 2577 205 2634 ter
220 2569 396 2634 eunuchum
414 2567 503 2632 illum
518 2570 589 2648 (cui
611 2566 710 2634 bsrbs
731 2590 800 2634 non
823 2573 936 2636 crescit
949 2593 1000 2636 vv.
1017 2574 1091 2650 367,
1113 2574 1211 2652 373.)

154 2680 185 2736 et
205 2674 291 2737 inter
313 2655 426 2738 durum
448 2676 574 2757 iamque
596 2671 795 2738 tondendum
811 2674 983 2749 Bromium,
1006 2694 1138 2755 prorsus
1162 2695 1212 2738 ex-

153 2777 340 2862 stinguitur3
367 2773 485 2838 deinde
507 2775 606 2836 totius
627 2772 693 2834 loci
715 2783 816 2848 tenor,
839 2775 867 2834 si
889 2772 930 2835 de
953 2791 1118 2836 serrorum
1142 2795 1214 2848 cum

157 2879 256 2940 servis
279 2884 392 2960 stupro
416 2874 544 2951 dicitur,
572 2870 628 2936 ubi
650 2872 720 2936 sola
742 2873 908 2940 mulierum
931 2877 1008 2940 vitia
1030 2885 1215 2964 carpuntur,

153 2982 267 3044 misere
289 2979 542 3064 interrumpitum
569 2998 633 3064 quo
657 2979 792 3057 accedit,
816 2988 851 3044 ut
873 2984 1022 3046 universa
1044 2984 1211 3059 sententis,

153 3104 213 3167 per
230 3103 265 3145 se
283 3084 345 3146 iam
362 3086 436 3146 satis
453 3080 596 3155 ridicula,
617 3079 715 3162 plane
729 3079 942 3144 intolerabilis
955 3081 1115 3157 reddatur,
1139 3085 1212 3163 quia

153 3184 311 3257 Bromius,
333 3192 369 3244 ιιι
391 3191 512 3243 taceam
534 3179 578 3242 de
600 3199 648 3253 co,
672 3178 758 3260 quod
781 3201 799 3239 a
822 3181 975 3242 Postumo
999 3170 1213 3252 amariin-tcm¹

155 3282 297 3368 pretibus
320 3290 441 3346 tantum
462 3282 549 3344 visus
573 3288 633 3355 cst,
662 3298 730 3342 non
753 3287 884 3364 poetae,
914 3289 1023 3366 aperte
1051 3279 1149 3348 durus
1180 3293 1212 3348 et

154 3389 217 3450 iam
245 3384 427 3453 tondendus
455 3385 601 3472 fingitur,
631 3405 728 3468 quum
754 3393 858 3448 tamen
888 3405 926 3450 cx
953 3384 1080 3450 illorum
1105 3396 1211 3454 mente

156 3499 247 3556 tener
270 3499 303 3554 et
323 3489 428 3554 mollis
452 3499 536 3555 esset
557 3486 719 3554 dicendus.

225 3593 511 3677 vsimplicissimam
535 3601 647 3657 contra
669 3595 781 3678 reique
802 3596 992 3680 aptissimam
1020 3598 1211 3662 sententiam

155 3697 313 3781 reperisse
334 3697 536 3780 Rupertinm,
566 3700 636 3782 quis
657 3701 778 3783 poterit
799 3703 937 3787 negare?
981 3699 1209 3785 interpretatus

157 3804 241 3866 enim
264 3807 324 3864 est:
348 3796 485 3866 dormiat
507 3820 525 3860 a
548 3797 677 3867 domina
698 3801 799 3868 factus
822 3802 923 3888 spado
947 3823 1017 3866 cum
1040 3805 1114 3880 ists,
1137 3823 1210 3872 nem

156 3902 325 3989 numquam
341 3924 378 3967 ex
402 3922 442 3966 eo
466 3903 634 3986 concipiet,
658 3914 690 3969 et
704 3905 851 3970 abortivo
875 3923 941 3969 non
963 3925 1043 3989 opus
1067 3913 1128 3981 est;
1151 3905 1209 3970 scd

157 4014 192 4069 tu
214 4009 274 4069 iam
298 4005 378 4071 duro
403 4015 434 4071 et
456 4003 632 4085 tondendo,
659 4011 711 4071 cui
732 4010 780 4071 vis
802 4006 949 4094 genitalis
973 4029 1038 4072 non
1063 4007 1208 4096 adempta

157 4117 218 4188 est,
240 4111 371 4174 Bromio
394 4108 463 4174 noli
485 4109 676 4188 concedere,
698 4120 735 4175 ut
757 4111 946 4202 concumbat
968 4135 1037 4181 cum
1051 4125 1112 4204 nea,
1136 4116 1209 4198 quia
1274 4181 1279 4192 ι
