2980 4700
1155 331 1203 402 23

145 515 312 578 Postremo
340 515 450 599 inepta
478 513 653 577 Heinrichii
683 513 851 598 explicatio
882 517 970 619 vocis¹
1000 513 1201 599 ,‚possideo“

142 614 352 703 vituperanda
369 625 424 694 est,
447 637 541 701 quam
556 616 671 682 dictam
688 639 758 682 esse
774 624 875 699 putat,
897 626 933 682 ut
952 623 1118 702 „parant“,
1141 639 1200 702 pro

143 741 238 800 „mox
260 717 465 806 possidebo.“

658 855 770 866 ---—-›—--

231 1028 296 1094 lam
318 1036 484 1114 postquam
507 1031 619 1092 satiras
642 1027 805 1093 scribendi
828 1031 1027 1114 propositum
1044 1032 1203 1113 exposuit,

144 1130 373 1218 obloquentem
397 1132 457 1195 sibi
482 1130 578 1217 fingit
604 1129 752 1214 aliquem:
781 1135 843 1215 iam
869 1135 990 1218 perisse
1020 1132 1199 1197 libertatem

141 1234 227 1298 illam
251 1237 413 1311 maiorum,
435 1242 479 1312 ut,
501 1230 656 1319 quidquid
671 1233 799 1313 vellent,
821 1235 975 1321 flagrante
996 1239 1102 1299 animo
1126 1241 1199 1300 sori-

141 1337 220 1402 bere
242 1333 363 1401 liceret
408 1335 495 1403 Olim
520 1339 603 1401 onim
625 1335 704 1400 nihil
726 1337 917 1414 interfuisse,
939 1347 1042 1402 utrum
1065 1339 1199 1417 Mucius,

89 1495 95 1505 Ι
140 1463 235 1527 quem
257 1440 399 1506 Lucilius
427 1442 530 1506 satiris
559 1449 746 1526 persecutus
775 1451 857 1520 erat,
887 1439 979 1506 dictis
1005 1444 1197 1529 ignosceret,

141 1567 182 1610 an
205 1566 281 1610 non.
326 1543 455 1610 Deinde
476 1547 519 1610 ita
542 1548 648 1634 pergit
670 1543 856 1610 oblocutor:

341 1675 416 1726 Pone
434 1673 612 1740 Tigellinum
636 1678 718 1727 taeda
734 1675 839 1727 lucebis
856 1675 885 1727 in
903 1677 961 1744 illa,

140 1757 210 1828 lut)
246 1764 308 1822 Qua
324 1765 431 1813 stantes
448 1764 559 1829 ardent,
578 1761 624 1826 qttl
640 1758 694 1813 lixo
711 1766 822 1826 gutture
840 1763 945 1813 morant

246 1849 282 1898 nt
298 1849 384 1900 lutum
402 1847 493 1898 medlo
509 1849 616 1898 sulcum
633 1848 744 1900 deducit
760 1860 845 1902 arena
862 1871 899 1882 -

229 1951 318 2018 Dedi
333 1954 474 2017 omnium
490 1951 557 2016 lere
574 1949 730 2018 librorum
746 1954 966 2018 auctoritatem
988 1961 1115 2018 secutus
1138 1963 1198 2043 ter-

140 2059 216 2120 tiam
246 2077 417 2141 personam
450 2055 628 2135 „deducit“
658 2061 697 2135 (e
728 2059 807 2122 meis
839 2054 1017 2135 ,‚deducit“
1045 2059 1196 2123 Noviom.

139 2159 241 2224 Pulm.
265 2158 399 2224 Cbemn.
429 2159 546 2234 Dresd.
577 2161 676 2222 ceteri
703 2159 904 2236 „diducit“);
933 2162 969 2222 in
999 2159 1197 2224 editionibus

141 2272 252 2326 contra
274 2262 462 2346 plerumque
485 2258 664 2338 ‚‚deduois“
686 2259 739 2322 vel
761 2258 930 2338 ‚‚didnois“
952 2258 1085 2346 legitur,
1107 2282 1199 2345 prae·

140 2367 225 2428 senti
253 2374 397 2450 tempore
425 2363 602 2444 ‚‚deduois“
625 2386 696 2428 cum
722 2365 830 2429 futuro
857 2362 1025 2443 ‚‚lucebis“
1047 2364 1197 2430 intolera-

141 2467 201 2532 bili
222 2470 348 2534 ratione
371 2471 555 2536 coniuncto.
589 2469 654 2534 lam
677 2483 753 2555 post
771 2467 929 2556 Madvigii
950 2472 1112 2558 egregiam
1137 2469 1198 2534 dis-

140 2575 347 2638 sertationem
375 2571 505 2638 alteram
534 2576 587 2659 (p.
610 2576 682 2656 10.)
711 2577 854 2659 priorum
884 2577 1136 2640 coniecturarum
1166 2583 1199 2636 et

141 2699 284 2743 errorum
314 2680 615 2742 commemoratione
645 2677 857 2761 supersedere
884 2699 1030 2760 possum
1059 2681 1086 2738 is
1113 2677 1197 2736 enim

141 2784 236 2846 unice
250 2801 358 2846 veram
381 2784 567 2864 scripturam
588 2781 633 2840 sic
649 2780 795 2863 explicat:
818 2778 941 2843 lucebis
963 2776 1072 2844 inille
1094 2773 1196 2853 taeda,

140 2905 202 2970 qua
226 2881 340 2948 ardent
355 2885 408 2968 qui
428 2881 494 2947 fixo
516 2890 648 2970 gutture
671 2881 792 2948 fumant
806 2881 869 2963 (de
888 2882 1046 2970 supplicio
1069 2882 1196 2946 tunicae

140 2987 314 3068 molestae)
339 2998 371 3051 et
398 3009 479 3072 quae
501 2983 637 3067 (taeda)
666 2987 787 3052 sulcum
816 2986 947 3051 deducit
976 3008 1035 3071 per
1061 2983 1196 3048 mediam

141 3112 276 3168 arenam,
300 3113 397 3174 quum
418 3090 527 3174 plures
545 3089 700 3163 homines,
722 3089 804 3178 alter
819 3085 902 3151 inrita
918 3089 1052 3150 alterum
1068 3085 1197 3156 defossi,

142 3191 277 3255 ardeant
299 3212 362 3252 una
385 3192 477 3265 serie,
499 3191 545 3250 ita
566 3195 603 3249 ut
625 3207 663 3249 ex
685 3186 821 3250 relativo
844 3193 952 3270 ,.qua“
966 3185 1064 3248 semel
1088 3185 1196 3269 posito

140 3293 182 3358 ad
211 3291 304 3356 aliam
333 3291 565 3356 enunciationis
591 3297 714 3372 partem
736 3287 801 3351 alio
826 3309 902 3353 casu
923 3287 1007 3353 idem
1030 3285 1196 3350 relativum

140 3395 363 3475 subaudiatur,
396 3397 483 3459 cuius
506 3389 661 3478 loquendi
684 3393 812 3478 generis
835 3391 933 3458 multa
957 3389 1099 3477 exempla
1123 3408 1197 3450 oon-

140 3503 241 3589 gessit
262 3498 455 3586 Madvigius.
501 3495 567 3560 Sed
594 3516 739 3582 propero
767 3496 807 3560 ad
830 3495 1003 3581 sequentia.
1050 3496 1196 3575 Respon-

142 3604 197 3668 det
214 3602 374 3667 luvenalis
397 3600 594 3665 oblocuturi:

247 3744 301 3808 Qui
318 3743 393 3794 dedit
410 3756 478 3808 ergo
496 3743 582 3794 tribus
600 3743 704 3806 poturis
724 3745 847 3810 aconita,
866 3746 979 3794 venatur

248 3829 402 3886 Pensilibus
418 3827 516 3891 plumis
534 3831 616 3892 atque
634 3827 710 3878 illinc
725 3827 861 3891 despiciat
878 3821 948 3878 nos?

248 3920 336 3980 Quum
353 3913 446 3966 veniet
463 3917 572 3978 conus,
591 3913 676 3978 digito
695 3926 839 3976 compesce
856 3911 994 3974 labellum,

247 3999 484 4068 accusatorem,
503 4001 549 4064 qui
566 4002 676 4053 verbum
695 3999 794 4052 duent
811 3997 879 4066 „trio
898 3989 978 4050 est“.

235 4114 422 4182 Videbimus
443 4118 592 4195 rationes,
622 4110 964 4201 qui-bussucundum
986 4110 1076 4197 leges
1098 4128 1199 4196 gram-
