2980 4700
1178 334 1226 405 55

168 513 233 576 buc
248 514 414 597 pertinent,
438 537 518 598 quae
539 513 660 580 liberae
685 517 732 578 rei
753 511 901 598 publicae
923 518 1054 580 maxime
1075 520 1225 602 tempori-

167 616 228 680 bus
252 619 421 703 viguerunt
449 617 581 694 iudicia,
610 622 643 682 in
673 615 788 701 quibus
818 616 970 700 appellati
992 628 1083 682 erant
1105 620 1223 688 tribuni

168 719 329 804 plebis1),
352 741 448 803 quum
470 722 505 782 in
526 721 564 782 iis
586 723 634 782 ins
653 722 895 803 provocationis
910 724 1018 806 magia,
1040 723 1113 786 huic
1126 727 1223 807 potis-

168 825 278 887 simum
307 823 504 906 magistratui
533 823 711 904 proprium,
741 843 833 906 quam
862 819 1037 886 iurisdictio
1066 837 1221 908 appareat.

167 925 240 1002 Sed,
265 917 360 1008 quum
384 927 422 986 Α.
446 922 531 988 Geli.
554 923 638 988 Xlll
664 925 715 988 12.
740 923 831 1002 dicat,
854 924 997 1002 „tribuni
1021 924 1124 1010 plebis
1146 932 1224 992 anti-

167 1031 297 1112 „quitus
315 1029 411 1090 creati
425 1026 575 1092 videntur
596 1048 664 1092 non
686 1030 746 1092 iuri
770 1027 918 1107 dicundo,
940 1032 1126 1118 necucausis
1150 1051 1225 1115 que·

167 1128 330 1214 „relisque
357 1129 397 1193 de
427 1130 611 1192 absentibus
640 1131 827 1210 noscendis,
856 1132 912 1198 sed
941 1133 1223 1200 intercessionibus

169 1231 347 1308 „iaciendis
365 1239 450 1309 etc.“,
473 1233 635 1316 superiora
658 1241 802 1316 tempora
825 1255 902 1297 suae
925 1255 1096 1320 opponens
1120 1240 1223 1314 aetati,

169 1333 309 1396 indicare
332 1333 469 1410 videtur,
498 1337 559 1398 iam
582 1333 656 1398 talia
681 1334 721 1399 ad
744 1335 891 1402 tribunos
914 1339 1113 1422 pertinuisse.
1158 1340 1224 1400 De-

167 1435 256 1512 inde,
285 1459 382 1520 qumn
403 1440 588 1522 respicimus
610 1437 650 1501 ad
674 1437 739 1525 dig.
763 1438 784 1502 l.
807 1438 842 1516 l.,
873 1460 937 1524 quo
959 1438 1123 1524 proditum
1148 1449 1222 1518 erat,

166 1541 199 1602 in
230 1539 516 1605 extraordinaribus
546 1543 800 1628 cognitionibus,
830 1543 939 1629 quales
962 1553 1037 1607 sunt
1059 1542 1101 1607 de
1122 1566 1223 1632 gram

165 1645 351 1708 maticnrum
372 1645 597 1730 rhetornmquc
621 1644 834 1724 mercedibus,
856 1661 956 1732 penes
980 1656 1145 1733 praetores
1168 1651 1223 1728 (et

164 1749 198 1810 in
220 1749 392 1832 provinciis
415 1771 513 1834 penes
536 1750 721 1833 praesides)
743 1750 841 1816 inisse
864 1749 988 1828 iudicia,
1011 1748 1087 1834 quid
1108 1749 1221 1814 melius

164 1857 360 1920 cnmnostr'a
377 1856 527 1916 concinet
542 1855 705 1936 opinione,
728 1873 820 1936 quam
843 1855 869 1914 si
894 1852 1103 1916 demonstrari
1119 1862 1222 1936 queat,

162 1953 309 2018 tribunos
331 1952 435 2038 plebis
450 1975 680 2038 saepenumero
704 1977 774 2018 cum
792 1953 992 2039 praetoribus
1015 1957 1220 2018 coniunctum

165 2059 343 2121 exercuisse
365 2077 487 2121 munus.
525 2056 579 2122 Sic
601 2069 705 2124 autem
728 2067 859 2136 tutores,
882 2080 962 2144 quos
986 2058 1143 2122 Atilianos
1166 2077 1221 2120 vo-

164 2171 284 2237 carunt,
308 2181 324 2222 a
348 2169 496 2243 praetore
519 2161 642 2248 urbano
665 2170 818 2245 petuntur
840 2171 872 2224 et
895 2165 1049 2258 amaiore
1064 2170 1155 2244 parte
1169 2164 1222 2221 tri-

163 2261 324 2327 bunorum
354 2261 458 2345 plebis
482 2260 542 2337 (cl.
567 2261 639 2326 Gai.
655 2263 679 2325 1.
702 2262 730 2346 ἓ.
747 2263 821 2324 185.
846 2272 878 2324 et
900 2263 954 2325 nbi
978 2261 1088 2324 eadem
1110 2258 1222 2346 legun-

165 2373 216 2428 tur
238 2361 358 2440 verba,
375 2365 447 2426 inst.
471 2362 525 2426 lib.
541 2363 565 2425 l.
590 2366 635 2426 tit.
651 2364 704 2426 20.
728 2363 831 2426 statim
855 2363 994 2443 additur,
1017 2371 1221 2449 „praetorem

163 2463 355 2546 „secundum
372 2487 458 2530 suam
473 2465 800 2532 iurisdictionem
817 2489 924 2532 creare
945 2471 1108 2550 tutorcs“).
1142 2468 1220 2533 Item

165 2569 205 2636 ad
233 2591 300 2634 rem
328 2573 499 2636 numeriam
530 2569 783 2638 constituendam
809 2571 927 2636 tribuni
953 2572 1055 2660 plebis
1084 2571 1221 2635 edictum

163 2679 422 2761 conscripserunt
438 2699 507 2740 cnm
530 2698 636 2761 poena
660 2685 754 2758 atque
777 2675 948 2752 iudicio,
972 2674 1114 2738 adhibito
1131 2695 1221 2756 prae-

163 2788 268 2844 torum
291 2777 445 2862 collegio,
473 2786 508 2838 ut
530 2785 636 2838 narrat
659 2775 727 2836 Cic.
751 2774 808 2834 oli.
833 2774 888 2834 ΙΙΙ.
911 2775 963 2836 20.
988 2774 1048 2852 (ci.
1071 2774 1140 2836 Liv.
1156 2773 1220 2836 XL.

162 2883 246 2960 29.).
292 2878 386 2963 Quae
417 2898 510 2961 quum
539 2879 582 2941 ita
610 2897 644 2939 se
673 2873 826 2955 habeant,
855 2877 918 2940 iam
943 2873 1080 2942 dubitari
1104 2878 1221 2964 nequit,

164 2987 239 3070 quin
263 2981 303 3047 ab
326 2984 402 3069 ipsis
425 2982 558 3047 tribunis
581 2983 766 3066 saepissime
787 2983 836 3044 ius
859 2983 899 3044 sit
919 2985 1066 3066 petitum;
1098 3001 1222 3064 semper

163 3087 231 3149 fere
246 3085 418 3168 petendum
437 3086 534 3147 inisse
558 3085 767 3166 grammaticis
790 3083 1042 3166 rhetoribusque,
1065 3103 1159 3164 quum
1176 3079 1221 3142 di·
1297 3151 1301 3159 .

163 3184 279 3268 scipuli
301 3184 441 3246 debitam
464 3181 641 3246 mercedem
663 3200 731 3244 non
754 3180 932 3256 solverent,
959 3183 992 3242 bi
1014 3183 1129 3244 satirae
1148 3180 1221 3242 Vll.

164 3307 275 3351 versus
297 3283 416 3348 indicio
440 3291 522 3348 sunt

253 3371 318 3452 sed
348 3385 513 3450 redeamus
542 3383 583 3448 ad
611 3381 743 3446 alterum
772 3382 860 3449 illum
889 3385 1002 3448 satirae
1025 3385 1077 3448 xl.
1107 3381 1221 3461 locum,

165 3495 253 3558 cuius
277 3491 345 3556 fere
368 3488 502 3555 eandem
524 3509 595 3553 esse
616 3487 780 3568 rationem,
803 3508 889 3552 nunc
904 3487 997 3554 facile
1014 3486 1220 3571 intellegitur.
1303 3497 1316 3518 ⁸

164 3597 319 3660 Narratur
342 3597 424 3660 enim
448 3592 489 3659 de
512 3590 684 3668 nebulone,
707 3594 769 3676 qui,
790 3594 857 3670 sive
878 3591 965 3678 quod
989 3593 1120 3656 omnino
1143 3586 1222 3651 nihil

165 3696 319 3784 possedit,
341 3700 410 3762 sive
433 3718 470 3763 ea
493 3717 575 3782 qnae
599 3693 786 3782 possederit,
815 3694 989 3781 dissipavit,
1018 3691 1130 3756 alieno
1148 3712 1222 3756 aere
1286 3708 1300 3736 s

166 3865 364 3880 ψ

237 3961 270 4025 l)
294 3957 351 4014 Liv.
370 3955 669 4016 XL11.33.XXXV111.
690 3965 733 4027 5‘2,
752 3964 795 4026 53,
815 3960 856 4012 to.
885 3955 983 4012 Ascon.
1003 3954 1037 4011 ad
1049 3953 1107 4010 Cic.
1127 3973 1152 4028 p.
1166 3951 1221 4012 Mil.

168 4045 209 4097 14.
247 4041 453 4098 lisirvilla
713 4055 718 4059 ’

241 4130 273 4196 l)
299 4127 340 4184 Cf.
360 4127 425 4205 Ulp.
444 4129 534 4204 fragm.
553 4129 600 4184 xl.
620 4131 643 4200 ᾗ.
658 4133 698 4186 18.
718 4129 777 4187 Liv.
796 4128 921 4186 XXXIX.
939 4131 963 4184 9.
